3584 4884
856 448 1080 503 ,13-

517 618 608 693 Quae
630 619 815 699 perpetravit
836 619 970 695 Unibos,
1037 623 1072 680 ut
1093 618 1212 681 sedaret
1233 620 1439 683 shrttissimos

517 709 666 771 Versutus
687 708 777 771 miles
798 707 941 783 reddidit,
1008 712 1043 769 ut
1063 712 1125 771 tres
1147 708 1240 771 iratos
1262 710 1392 789 respicit,

518 797 669 859 Insaniam
692 797 868 877 prudentia;
939 796 1129 876 respondem
1149 815 1205 876 per
1227 796 1369 860 ludibria

518 885 601 949 Mori
623 885 700 947 dum
723 890 858 948 tremerrs
877 885 1024 962 aestimat,
1090 886 1284 949 occasionem
1306 886 1430 949 simulat

464 992 505 1035 uo
519 976 652 1037 Mortem
674 974 807 1054 pingens
829 974 862 1036 in
884 974 1020 1053 conjuge
1085 974 1178 1036 tincta
1198 975 1292 1037 suillo
1313 977 1474 1055 sanguine.

520 1064 610 1128 Uxor
630 1063 734 1126 dolosi
756 1064 817 1126 sub
839 1063 916 1127 doto
982 1067 1074 1125 strata
1093 1063 1172 1142 jacet
1192 1063 1327 1143 tugurio,

519 1151 617 1225 Quasi
639 1152 680 1214 sit
700 1170 772 1214 vere
793 1156 916 1215 mortrra
982 1151 1074 1215 occisi
1097 1152 1205 1232 sponsi
1228 1152 1360 1215 dexoera

519 1240 661 1304 Cadaver
681 1240 810 1304 foedum
832 1240 984 1320 sanguine
1050 1258 1165 1321 corpus
1186 1246 1312 1321 apparet
1334 1242 1475 1307 feminae.

519 1329 671 1393 Crudeles
693 1347 906 1393 mansuescere
973 1329 1123 1409 incipiunt
1145 1348 1204 1409 pro
1226 1330 1363 1393 nimine

466 1438 507 1482 rra
521 1418 586 1493 Qui
608 1424 755 1481 venerant
775 1418 923 1495 occidere,
991 1423 1105 1481 certmt
1127 1436 1302 1498 percussam
1326 1419 1472 1499 plangere

521 1509 714 1589 increpantes
737 1507 925 1584 Unibovem,
993 1506 1100 1571 flendo
1123 1512 1281 1571 maenum
1304 1508 1479 1588 conjugem.

520 1596 619 1660 Simul
642 1596 749 1659 dicunt
770 1596 924 1659 ferociter:
991 1597 1098 1673 ,Heus
1121 1597 1273 1659 insensate
1295 1602 1459 1677 compater,

521 1685 594 1759 Qua
614 1703 706 1749 causa
727 1690 760 1748 hi
783 1685 950 1748 durissima
1018 1685 1195 1765 perpetrasti
1218 1685 1380 1748 facinora?

521 1774 725 1839 Confusionis
746 1779 816 1837 nux
837 1774 925 1837 taber
992 1791 1051 1837 nos
1072 1774 1219 1836 seduxisti
1242 1774 1391 1853 nequiter,

467 1882 508 1929 uo
524 1865 568 1929 Ut
594 1868 760 1927 mercatum
784 1863 993 1944 probavimus,
1061 1866 1191 1925 mortem
1218 1867 1304 1925 uram
1329 1864 1533 1927 tractavimus.

521 1954 672 2033 Magnum
694 1953 854 2029 damnum,
881 1951 1066 2029 stultissime,
1139 1951 1299 2031 adquisisti
1327 1951 1367 2013 de
1389 1952 1533 2032 conjuge.

521 2042 594 2105 Non
617 2046 663 2105 est
684 2042 775 2122 culpa
797 2041 962 2104 mediocris
1028 2040 1121 2103 vitam
1143 2040 1268 2119 fugasse
1289 2040 1451 2120 coniugis‘.

522 2130 624 2210 lnquit
644 2148 771 2193 securus
792 2130 909 2193 unibos
975 2130 1074 2209 magis
1096 2128 1247 2192 seducens
1268 2134 1330 2192 tres
1352 2130 1448 2193 viros:

521 2218 663 2281 Mirabile
685 2218 836 2298 flagitium
905 2218 1074 2299 perpetravi
1098 2236 1154 2298 per
1174 2217 1322 2297 gladium.

467 2325 508 2370 iss
523 2306 554 2371 si
579 2325 700 2370 mecum
724 2326 830 2387 pacem
854 2307 958 2383 facitis,
1025 2307 1051 2369 si
1075 2307 1177 2369 cordis
1200 2306 1276 2369 iram
1300 2307 1449 2387 rumpitis,

521 2396 629 2459 Vivam
652 2396 713 2459 cito
735 2395 879 2458 videbitis
947 2394 1133 2457 interfectam
1157 2414 1250 2475 quam
1274 2395 1405 2460 cernitis.

520 2484 603 2563 ,Fiat
626 2484 687 2547 fiat
710 2484 845 2547 hilariter
911 2484 1018 2547 dicunt
1040 2484 1156 2547 seducti
1180 2484 1303 2564 pariter;

521 2573 720 2655 ,Repellimus
741 2592 760 2636 a
783 2577 906 2654 pectore
973 2576 1063 2637 testes
1086 2573 1277 2636 inimicitiae‘.

523 2662 608 2725 Dum
631 2662 676 2725 sic
698 2662 861 2743 perpendit
885 2662 1010 2727 Unibos
1077 2663 1163 2741 loqui
1187 2666 1247 2725 tres
1269 2661 1468 2741 adversarios,

467 2770 507 2816 uo
522 2752 571 2814 Ad
594 2752 699 2815 cistam
722 2752 816 2815 currit
839 2751 981 2831 ligneam,
1054 2769 1182 2815 sumens
1204 2750 1353 2830 salignam
1378 2751 1533 2815 bucinam.

523 2841 640 2904 Lustrat
661 2840 791 2905 cadaver
813 2840 956 2920 coniugis
1022 2841 1083 2903 sub
1105 2840 1234 2903 testibus
1256 2840 1402 2916 erroneis,

522 2929 574 2993 Bis
597 2930 709 3008 lustrat,
732 2947 824 3010 saepe
847 2930 978 3006 bucinat,
1047 2929 1155 2993 horam
1178 2928 1327 3008 surgendi
1350 2929 1511 3009 praedicat

522 3019 712 3083 lustratione
734 3018 827 3096 tertia,
894 3022 1041 3098 tanquam
1064 3018 1173 3081 virtute
1196 3018 1321 3095 mistica,

523 3107 607 3171 Dum
632 3125 747 3172 nomen
770 3125 903 3188 sponsae
926 3106 1072 3188 nominat,
1139 3106 1346 3185 quiescentem
1370 3107 1534 3170 resuscitat

467 3215 508 3261 rso
524 3198 683 3277 Exurgens
706 3214 785 3260 uxor
807 3196 923 3277 impetu
991 3199 1065 3257 astat
1087 3194 1235 3259 deformis
1258 3195 1372 3273 habitu,

519 3285 648 3365 lubetur
669 3285 710 3349 ab
734 3285 889 3363 Unibove,
958 3288 991 3347 ut
1013 3302 1046 3347 se
1070 3283 1199 3346 mundet
1220 3302 1239 3346 a
1261 3284 1420 3363 sanguine.

522 3374 695 3437 Confestim
719 3374 782 3437 lota
804 3373 881 3437 facie
950 3372 1056 3435 induta
1079 3372 1257 3435 meliuscule

522 3462 657 3543 Apparet
678 3462 855 3543 speciosior,
924 3462 1008 3525 vultu
1034 3461 1182 3525 mundato
1205 3461 1371 3541 pulchrior.

522 3550 644 3615 Sedueti
669 3569 724 3631 per
748 3550 927 3615 Unibovem
996 3550 1143 3613 mirantur
1166 3550 1425 3631 pulchritudinem

469 3658 509 3704 no
525 3639 696 3710 Resuscitae
719 3638 859 3716 feminae,
928 3644 1084 3720 stupentes
1111 3640 1193 3703 illam
1218 3638 1372 3720 plaudere.

524 3728 639 3791 Dicunt
661 3727 836 3809 suppressis
862 3727 1007 3792 vocibus:
1088 3730 1266 3807 ,Nunquam
1289 3732 1350 3790 tam
1374 3728 1534 3807 pulchram

479 3871 481 3878 .
524 3817 611 3881 Istius
622 3816 754 3881 formam
767 3815 907 3893 feminae,
953 3836 1032 3897 quae
1041 3817 1171 3881 surrexit
1183 3817 1214 3879 in
1227 3817 1284 3879 hac
1295 3816 1353 3879 die.
1389 3816 1535 3895 [vidimus

522 3905 600 3969 Ante
624 3909 753 3969 mortem
777 3904 875 3985 turpis
896 3903 962 3984 fuit,
1030 3906 1070 3969 de
1093 3910 1192 3968 morte
1215 3905 1342 3986 pulchra
1365 3905 1467 3983 rediit;

524 3994 607 4059 Felix
631 4012 715 4058 mors
738 4011 817 4073 quae
841 3993 1033 4074 pulchrificat
1088 4028 1520 4039 ----------
1527 4042 1534 4055 .

469 4102 509 4146 ru
525 4082 628 4157 Quam
652 4083 726 4147 felix
748 4099 846 4145 sonus
869 4082 1007 4161 bucinae,
1076 4102 1138 4163 qua
1161 4086 1347 4147 renovantur
1369 4082 1495 4146 vetulae.

523 4172 662 4253 Sponsae
686 4174 807 4235 nostrae
829 4170 1000 4251 decrepitae
1069 4189 1126 4251 pro
1155 4170 1253 4234 multo
1281 4172 1362 4234 fiunt
1388 4176 1534 4251 tempore.
