3584 4884
824 453 1067 511 -166-

413 624 517 688 nullus
538 625 577 687 ad
602 624 851 687 manducandum
875 624 923 688 vel
948 624 1119 688 bibendum
1143 625 1228 688 daret
1251 626 1293 687 illi
1316 626 1370 688 sed
1394 643 1480 688 com-

413 713 576 795 pelleretur
603 712 685 776 tame
715 714 803 790 mori,
835 732 916 777 uxor
945 714 1012 794 ejus
1042 714 1128 777 omni
1158 714 1209 777 die
1240 714 1416 793 ingrediens
1439 714 1479 777 ad

412 820 484 866 eum
507 802 547 865 de
570 801 704 865 mamilla
725 820 782 865 sua
812 803 937 865 latenter
960 803 1084 867 lactabat
1106 804 1217 883 ipsum.
1263 803 1345 866 Cum
1368 807 1479 881 autem,

413 896 483 973 post
504 890 571 955 dies
592 910 640 968 xv,
663 896 804 971 quereret
826 892 974 955 dominus
997 891 1022 955 si
1046 896 1186 955 mortuus
1208 896 1287 955 esset
1310 893 1405 955 homo
1428 890 1480 955 ille

358 984 443 1045 emet
464 980 580 1043 dictum
604 984 683 1043 esset
705 981 732 1043 ei
755 980 842 1060 quod
872 980 995 1058 viveret,
1025 979 1154 1043 credidit
1184 980 1269 1060 quod
1300 980 1411 1060 aliquis
1442 999 1479 1043 ex

413 1069 509 1132 servis
531 1068 559 1132 ei
581 1069 622 1131 ad
645 1068 895 1132 manducandum
911 1068 1053 1147 dedisset,
1076 1068 1160 1131 unde
1183 1068 1253 1132 lecit
1274 1067 1385 1131 adduci
1408 1073 1479 1132 ante

412 1176 446 1221 se
477 1162 511 1220 ut
541 1164 739 1237 cognosceret
769 1158 934 1221 veritatem.
981 1157 1119 1221 Tandem
1155 1158 1303 1221 dominus
1336 1158 1375 1220 ab
1410 1158 1479 1239 ipso

412 1252 598 1326 extorquens
620 1246 784 1325 veritatem,
807 1251 972 1327 postquam
989 1246 1136 1327 cognovit
1158 1247 1244 1327 quod
1267 1247 1378 1309 fecerat
1400 1264 1481 1309 uxor

413 1335 480 1415 eius
501 1335 611 1412 tidelis,
641 1334 730 1398 valde
752 1342 928 1399 commotus
951 1340 996 1399 est
1023 1340 1053 1398 et
1081 1340 1286 1416 compunctus
1314 1339 1343 1397 el
1365 1353 1480 1398 vocans

358 1442 400 1489 roo
414 1424 573 1488 mulierem
604 1423 738 1487 reddidit
759 1425 787 1488 ei
811 1424 951 1487 maritum
983 1442 1075 1487 suum
1107 1428 1233 1506 propter
1261 1424 1356 1487 iidem
1384 1442 1479 1504 quam

413 1513 520 1577 habuit
542 1562 550 1578 .
573 1562 581 1575 .
604 1560 643 1577 ..

771 1662 823 1719 26.
864 1654 919 1735 [=
944 1656 1004 1719 Νο.
1030 1656 1114 1735 244.]

502 1780 640 1844 Ornatus
662 1780 827 1843 meretricis
850 1797 914 1843 non
943 1780 1072 1861 pertinet
1094 1779 1132 1842 ad
1157 1779 1343 1842 matrimonii
1367 1779 1480 1843 hones-

413 1872 512 1945 tatem,
546 1868 601 1933 sed
632 1868 734 1932 incitat
759 1868 798 1931 ad
827 1868 994 1947 luxuriam,
1029 1886 1091 1948 que
1121 1868 1210 1931 etiam
1241 1868 1308 1931 sine
1338 1868 1479 1931 exteriori

413 1958 580 2023 aminiculo
603 1976 697 2021 omne
719 1976 818 2038 genum
841 1958 1004 2021 hominum
1020 1956 1109 2020 valde
1125 1956 1253 2020 infestat.
1291 1957 1379 2020 Teste
1395 1957 1478 2019 enim

359 2047 583 2127 rmleronimo:
608 2046 740 2113 utibido
764 2047 876 2110 terreas
899 2051 1016 2109 mentes
1038 2046 1174 2109 domat.⁴‘
1210 2045 1303 2111 Unde
1326 2045 1385 2108 dici
1401 2046 1481 2109 solet

413 2136 500 2215 quod
523 2136 668 2199 diabolus
691 2154 803 2199 novem
825 2136 906 2199 tilias
936 2135 1043 2216 genuit
1064 2154 1102 2197 ex
1125 2152 1221 2197 uxore
1250 2134 1426 2215 turpissima
1449 2138 1481 2197 et

413 2225 671 2305 concupiscentia,
704 2244 766 2305 que
800 2225 888 2305 nigra
921 2230 966 2288 est
999 2224 1083 2287 velut
1116 2224 1207 2286 carbo
1242 2224 1391 2286 extinctus
1423 2241 1480 2303 per

413 2330 579 2392 pravorum
603 2313 827 2377 desideriorum
851 2313 1060 2390 adustionem;
1084 2311 1208 2375 fetidam
1230 2330 1285 2392 per
1308 2311 1480 2389 infamiam,

412 2405 568 2480 turgentes
591 2402 707 2465 habens
730 2402 839 2465 oculos
867 2420 922 2481 per
944 2402 1134 2482 superbiam
1165 2419 1272 2464 nasum
1298 2401 1427 2479 longum
1450 2405 1481 2464 et

358 2506 400 2553 ero
414 2488 575 2552 distortum
606 2508 662 2569 per
693 2490 934 2553 machinationes
961 2496 991 2553 et
1013 2490 1246 2553 adinventiones
1276 2490 1307 2551 in
1338 2489 1479 2569 peccatis,

417 2595 507 2641 aures
530 2596 657 2658 magnas
678 2583 708 2641 et
734 2578 852 2659 patulas
874 2597 932 2659 per
954 2580 1171 2656 curiositatem
1202 2578 1330 2642 libenter
1351 2577 1480 2641 audiens

412 2683 476 2729 non
514 2667 616 2731 solum
651 2684 792 2731 rumores
825 2668 980 2744 vanitatis,
1020 2668 1074 2730 sed
1119 2668 1213 2731 verba
1247 2666 1413 2747 iniquitatis
1450 2671 1481 2729 et

412 2756 619 2835 detractionis;
657 2774 768 2819 manus
800 2756 950 2819 admixtas
983 2775 1038 2837 per
1070 2756 1260 2837 rapacitatem
1292 2760 1321 2818 et
1349 2754 1479 2818 avaricie

412 2846 613 2922 tenacitatem
637 2846 717 2909 labia
739 2846 853 2908 hiantia
874 2850 960 2909 etos
983 2845 1112 2908 fetidum
1136 2863 1192 2925 per
1214 2844 1406 2907 immundam
1431 2844 1478 2907 vel

359 2954 400 3000 tm
413 2935 550 3016 iniquam
574 2936 800 3016 loquacitatem
831 2934 927 3015 pedes
954 2934 1109 3012 discretos,
1140 2933 1172 2995 id
1201 2938 1253 3010 est,
1283 2933 1410 2996 aflectus
1433 2933 1479 2995 in-

412 3026 614 3105 compositos;
639 3024 790 3087 mamillas
805 3040 941 3103 magnas,
956 3022 1098 3101 tumidas,
1114 3022 1292 3103 prurientes,
1316 3020 1478 3100 scabiosas,

413 3131 451 3175 ex
472 3132 603 3193 quarum
620 3131 683 3176 una
702 3113 846 3194 propinat
860 3112 968 3175 catulis
983 3112 1048 3175 suis
1063 3128 1216 3175 venenum
1233 3110 1480 3191 concupiscentie

413 3202 548 3280 earnalis,
572 3221 609 3265 ex
631 3202 689 3265 alia
711 3207 837 3265 ventum
862 3201 1019 3263 mundane
1042 3200 1189 3264 vanitatis.
1229 3201 1272 3262 lix
1296 3199 1354 3262 hiis
1376 3204 1478 3262 autem

413 3289 536 3353 iiliabus
550 3296 621 3354 octo
633 3290 783 3353 maritavit
796 3290 923 3353 totidem
940 3290 1106 3369 generibus
1118 3288 1290 3367 hominum,
1305 3288 1478 3370 symoniam

359 3395 400 3441 tas
415 3378 537 3458 prelatis
558 3384 589 3441 et
609 3379 738 3456 clericis,
769 3378 936 3459 ypocrisim
965 3378 1124 3441 monachis
1147 3383 1176 3440 et
1203 3378 1286 3441 ialsis
1314 3376 1479 3457 religiosis;

414 3467 551 3545 rapinam
568 3468 729 3545 militibus,
745 3485 871 3531 usuram
884 3467 1104 3547 burgensibus;
1120 3465 1228 3532 dolum
1246 3465 1478 3543 mercatoribus;

412 3554 595 3634 sacrilegum
629 3556 780 3635 agricolis,
816 3556 869 3635 qui
905 3555 1040 3619 decimas
1072 3556 1142 3617 Deo
1176 3559 1304 3618 sacratas
1337 3554 1480 3617 auferunt

411 3642 606 3706 ecclesiarum
630 3645 789 3720 ministris,
814 3644 918 3707 lictum
943 3644 1099 3707 servitium
1116 3644 1263 3724 operariis
1270 3664 1278 3721 ;
1301 3643 1478 3724 superbiam

412 3734 441 3791 et
462 3732 655 3810 superfluum
687 3733 825 3796 habitum
855 3732 1046 3796 mulieribus.
1092 3732 1215 3796 Nonam
1238 3737 1348 3809 autem,
1380 3732 1480 3795 idest

358 3834 399 3881 uo
414 3818 574 3897 luxuriam,
605 3820 681 3882 nulli
704 3821 802 3883 voluit
825 3821 967 3902 maritari,
997 3820 1051 3884 sed
1081 3824 1226 3901 tanquam
1259 3821 1399 3883 meretrix
1423 3821 1479 3883 im-

281 3928 291 3955 ·
413 3908 510 3988 proba
533 3908 680 3971 omnibus
710 3910 877 3988 generibus
905 3909 1067 3972 hominum
1091 3926 1124 3972 se
1148 3908 1307 3990 prostituit,
1332 3910 1479 3973 omnibus

412 3995 623 4075 commiscens,
647 3996 723 4058 nulli
746 3998 851 4076 generi
876 3998 1040 4060 hominum
1057 4016 1192 4078 parcens.
1229 3999 1262 4061 ln
1278 3998 1375 4061 fetore
1395 3998 1478 4061 enim

412 4090 641 4164 unguentorum
666 4083 732 4162 ejus
754 4090 882 4147 currunt
904 4086 1047 4147 homines
1066 4086 1177 4147 incauti
1192 4084 1231 4147 ad
1256 4086 1353 4166 ipsius
1369 4088 1479 4167 prosti-

412 4172 530 4249 bulum,
553 4178 698 4251 tanquam
720 4189 793 4233 aves
814 4172 853 4233 ad
872 4173 1025 4250 laqueum,
1049 4190 1153 4234 mures
1168 4172 1206 4234 ad
1224 4190 1354 4251 caseum,
1379 4175 1479 4255 pisces
