3584 4884
822 465 1065 519 -100—

359 656 399 701 roo
414 637 453 700 ht
475 655 549 700 vero
572 635 655 698 iilius
678 635 748 699 totis
771 635 889 698 viribus
918 640 1033 715 patrem
1058 638 1186 697 conatur
1208 635 1376 712 extrahere;
1408 654 1480 697 cum

414 726 551 789 laborem
583 742 674 788 suum
705 725 841 787 frustrari
872 723 1000 802 videret,
1032 724 1111 804 cepit
1139 724 1255 786 anxiari
1285 728 1314 786 et
1344 724 1481 801 hesitare,

414 814 489 894 quid
513 813 553 886 de
576 813 702 876 duobus
724 817 834 893 ageret.
871 814 954 875 llinc
975 813 1088 876 etenim
1113 813 1257 876 horrebat
1271 830 1343 876 suas
1358 813 1389 874 in
1406 832 1481 875 nece

414 904 505 983 patris
529 906 685 965 cruentare
701 920 819 980 manus,
844 902 917 965 hinc
931 920 1005 965 vero
1021 902 1175 965 metuebat
1194 920 1249 982 per
1263 901 1371 964 faciem
1388 902 1482 982 patris

414 992 612 1072 deprehendi.
649 991 733 1054 Dum
758 1009 833 1070 ergo
852 1009 923 1053 eum
947 1009 965 1052 a
988 1009 1062 1053 nece
1085 991 1249 1053 retraheret
1270 1008 1365 1067 amor,
1389 991 1483 1053 timor

360 1085 444 1144 1ooet
467 1081 628 1143 necessitas
652 1084 781 1159 urgeret,
806 1080 944 1142 nesciens
967 1079 1043 1159 quid
1059 1080 1164 1141 utilius
1178 1079 1217 1141 ad
1233 1084 1355 1160 tempus
1370 1083 1482 1158 ageret,

415 1174 505 1250 caput
527 1169 619 1249 patris
643 1169 740 1231 cultro
762 1168 917 1231 abscisum
941 1167 1064 1247 fugiens
1086 1167 1259 1247 asportavit.

505 1259 537 1320 ln
554 1258 717 1320 crastinum
734 1262 834 1320 autem
852 1276 904 1319 rex
920 1275 1045 1320 summo
1061 1275 1151 1318 mane
1169 1257 1209 1318 de
1225 1257 1335 1319 lectulo
1351 1274 1483 1336 surgens

415 1347 535 1409 intravit
563 1347 670 1409 turrim
701 1347 896 1426 cucurritque
918 1346 957 1408 ad
981 1364 1113 1426 cuppam
1147 1345 1325 1425 invenitque
1356 1363 1482 1407 murum

414 1435 601 1516 perforatum
630 1439 778 1498 ettotam
810 1435 891 1497 illam
924 1435 1083 1497 bituminis
1113 1434 1308 1513 superficiem
1340 1435 1482 1496 infectam

362 1539 401 1586 110
416 1525 574 1603 sanguine,
604 1525 704 1586 iurem
728 1541 855 1604 quoque
878 1523 985 1586 adesse
1007 1541 1108 1601 suum,
1139 1523 1193 1586 sed
1223 1527 1362 1586 truncato
1385 1525 1483 1603 capite

415 1613 625 1693 deprehendit.
663 1613 819 1676 festinans
842 1631 918 1691 ergo
937 1611 976 1674 ad
999 1630 1091 1675 suum
1116 1612 1241 1674 recurrit
1264 1612 1482 1688 consiliarium,

415 1702 501 1763 illum
533 1702 673 1764 videlicet
703 1719 816 1778 senem,
847 1701 1034 1764 annuntians
1064 1705 1185 1780 captum
1218 1701 1344 1780 quidem
1371 1701 1482 1779 furem,

415 1791 468 1853 sed
493 1791 589 1870 capite
613 1790 792 1852 mutilatum.
828 1789 925 1864 Quod
949 1807 1019 1853 cum
1036 1789 1170 1852 audisset
1184 1807 1285 1867 senex,
1310 1807 1483 1869 parumque

415 1879 592 1943 subridens:
624 1879 730 1956 Miror,
760 1879 808 1956 ait,
834 1879 926 1941 huius
949 1879 1075 1942 latronis
1097 1878 1246 1941 astutiam.
1292 1879 1376 1952 Quia
1398 1880 1481 1941 enim

362 1985 402 2031 115
418 1969 531 2031 nobilis
555 1973 617 2030 erat
640 1987 696 2030 nec
718 1968 816 2032 voluit
838 1986 870 2030 se
893 1968 942 2030 vel
965 1985 1065 2047 genus
1087 1985 1179 2030 suum
1203 1966 1338 2047 perdere,
1367 1967 1483 2031 idcirco

415 2076 433 2118 a
456 2057 541 2120 socio
569 2057 628 2120 sibi
660 2061 750 2137 caput
775 2057 927 2136 amputari
956 2057 1034 2120 fecit
1082 2056 1175 2120 Unde
1206 2055 1332 2118 difficile
1361 2057 1484 2120 videtur

417 2146 518 2223 michi,
549 2151 577 2207 te
608 2163 700 2226 posse
722 2149 774 2208 aut
800 2146 977 2208 thesaurum
1006 2163 1185 2225 recuperare
1215 2149 1267 2206 aut
1296 2163 1483 2224 cognoscere

416 2235 524 2296 furem.
577 2235 665 2297 Tunc
699 2252 751 2296 rex
785 2235 982 2296 vehementer
1015 2236 1144 2313 urgebat
1177 2251 1295 2311 senem,
1331 2238 1365 2296 ut
1398 2234 1484 2296 daret

416 2323 588 2400 consillum,
620 2323 747 2384 minime
777 2322 816 2384 de
846 2323 991 2385 thesauro
1014 2323 1134 2403 perdito
1156 2323 1242 2385 aiens
1264 2341 1297 2384 se
1320 2341 1433 2400 curare,
1457 2324 1483 2386 si

363 2430 403 2475 rao
417 2410 632 2473 tantummodo
665 2411 777 2486 furem,
813 2411 883 2489 quis
917 2411 1008 2473 fuerit
1040 2411 1223 2491 agnovisset.
1282 2410 1343 2474 Cui
1377 2430 1483 2476 senex:

419 2501 477 2562 Fac
500 2499 594 2576 illum,
619 2499 726 2578 inquit,
749 2500 933 2562 abstractum
949 2499 989 2562 de
1004 2519 1105 2581 cuppa
1119 2500 1216 2563 caude
1231 2501 1303 2579 equi
1326 2501 1484 2563 fortissimi

416 2589 531 2668 alligari
559 2587 700 2668 trahique
732 2607 787 2668 per
817 2589 930 2668 plateas
958 2594 987 2651 et
1013 2590 1098 2652 vicos
1128 2589 1281 2651 civitatum
1312 2590 1399 2668 regni
1430 2591 1483 2652 tui.

418 2678 516 2741 Porro
540 2677 650 2740 milites
672 2677 778 2739 armati
801 2678 1030 2757 subsequantur
1045 2678 1196 2758 capientes
1211 2678 1236 2740 si
1257 2696 1337 2757 quos
1353 2678 1486 2740 viderint

416 2768 499 2830 viros
522 2766 570 2828 vel
594 2766 738 2828 mulieres
760 2767 799 2829 ad
823 2770 979 2847 aspectum
1003 2767 1157 2829 cadaveris
1181 2767 1338 2844 lacrimari,
1366 2767 1485 2846 tibique

364 2873 404 2920 ras
419 2873 472 2919 eos
496 2859 709 2936 presentantes.
757 2857 793 2918 Et
815 2856 840 2918 si
865 2855 956 2918 fuerit
978 2856 1020 2918 ibi
1044 2856 1147 2918 socius
1168 2860 1220 2917 aut
1243 2874 1323 2918 uxor
1344 2861 1397 2918 aut
1418 2856 1484 2934 filii,

418 2963 613 3024 nequaquam
648 2949 791 3024 poterunt
824 2962 842 3006 a
876 2945 1008 3007 lacrimis
1041 2948 1219 3024 temperare.
1273 2945 1396 3006 Bonum
1431 2963 1485 3007 rex

418 3039 499 3097 ratus
515 3034 596 3097 senis
612 3034 784 3112 consilium,
805 3033 890 3096 iubet
904 3033 1045 3096 festinato
1059 3037 1201 3094 truncum
1218 3051 1301 3112 equo
1316 3033 1485 3097 fortissimo

418 3123 549 3204 pedibus
580 3118 854 3203 alpsrblligatum
885 3140 956 3185 cum
988 3123 1112 3184 armatis
1142 3121 1291 3184 militibus
1321 3123 1398 3184 trahi
1429 3141 1486 3202 per

417 3213 589 3293 proximam
621 3212 779 3274 civitatem.
826 3211 890 3285 Qui
921 3211 996 3272 dum
1028 3210 1121 3272 miser
1151 3211 1327 3287 traheretur,
1358 3211 1486 3290 contigit

365 3319 405 3364 rao
421 3319 491 3362 eum
521 3306 590 3363 ante
621 3300 704 3362 fores
735 3299 849 3362 domus
878 3317 934 3362 sue
964 3299 1117 3362 devenire.
1170 3299 1273 3362 Stabat
1301 3304 1403 3362 autem
1434 3301 1486 3362 ille

419 3389 503 3452 filius
526 3389 592 3452 eius
615 3389 721 3466 maior,
753 3389 806 3468 qui
831 3393 860 3450 et
882 3389 910 3450 ei
937 3388 1035 3450 iuerat
1057 3389 1167 3464 socius,
1197 3393 1267 3450 ante
1290 3389 1371 3468 ipsas
1394 3388 1486 3451 fores.

419 3477 482 3550 Qui
507 3495 576 3540 cum
600 3477 716 3539 videret
738 3482 853 3556 patrem
869 3477 914 3539 sic
933 3477 1144 3540 miserabiliter
1158 3477 1243 3554 trahi,
1266 3477 1341 3539 flere
1357 3478 1485 3556 quidem

419 3583 482 3626 non
507 3565 632 3642 audens
661 3565 714 3628 sed
740 3583 803 3628 non
827 3566 936 3629 volens
959 3565 1097 3628 lacrimas
1120 3565 1294 3645 prohibere,
1324 3567 1486 3629 occasione

419 3658 537 3732 recepta
559 3654 741 3734 cu[l]tellum
759 3655 941 3734 lignumque
956 3654 1065 3734 accipit
1080 3654 1166 3734 quasi
1190 3654 1306 3734 aliquid
1323 3655 1485 3732 incisurus,

366 3759 406 3806 1³5
421 3741 603 3820 sinislreque
636 3760 745 3805 manus
780 3743 923 3822 pollicem
958 3762 995 3805 ex
1030 3743 1179 3805 industria
1213 3743 1272 3805 sibi
1308 3745 1484 3824 amputavit.

420 3832 508 3893 Tunc
530 3849 604 3893 vero
627 3831 685 3893 sub
710 3831 870 3894 occasione
898 3832 1018 3911 pollicis
1040 3851 1148 3895 vocem
1172 3832 1279 3894 emittit
1306 3832 1485 3909 luctuosam,

419 3924 585 4000 erumpunt
601 3920 731 3996 lacrime,
755 3920 883 3983 accurrit
899 3925 1001 3997 mater,
1018 3921 1124 3983 iratres
1139 3924 1168 3982 et
1183 3939 1306 3984 sorores
1322 3920 1487 3983 dilacerant

420 4008 563 4071 manibus
593 4013 690 4072 vestes
721 4025 836 4088 oraque
859 4012 888 4070 et
915 4009 1050 4089 capillos,
1081 4010 1112 4071 in
1144 4027 1276 4089 persona
1306 4009 1361 4071 filii
1393 4011 1487 4089 patris

420 4097 572 4161 miseriam
613 4098 819 4162 lamentantes.
876 4097 1041 4159 hlfuerunt
1078 4097 1160 4160 illico
1193 4098 1314 4174 milites,
1347 4098 1400 4177 qui
1432 4116 1487 4161 eos

367 4205 406 4250 rro
422 4190 564 4268 caperent
597 4185 804 4264 ducerentque
838 4185 877 4247 ad
913 4203 1027 4264 regern.
1084 4186 1124 4246 At
1154 4203 1228 4247 vcro
1263 4204 1316 4248 rex
1351 4187 1486 4250 maximo
