3584 4884
862 456 1084 513 „16-

518 629 600 707 ,Non
625 632 669 692 est
692 628 752 691 boc
775 628 890 690 furlum
915 627 1060 704 noctium,
1119 626 1175 688 sed
1204 623 1278 686 corii
1302 616 1513 684 commercium.

466 738 495 783 uu
518 718 592 782 Post
615 718 708 797 hujus
731 717 817 796 regni
840 716 1006 780 terminum
1074 715 1250 793 sollempne
1274 711 1308 773 fit
1327 706 1496 788 emporium,

519 806 605 870 Dum
629 806 698 869 data
721 806 811 869 bovis
834 806 936 868 tunica
1003 804 1120 884 argenti
1146 802 1226 865 ridet
1248 798 1343 880 copia.

518 896 591 959 Non
614 899 659 959 est
681 898 849 957 mercatum
872 894 972 957 simile
1039 894 1118 957 sicut
1140 892 1182 955 de
1206 889 1296 953 bovis
1319 892 1445 965 tergore;

518 984 700 1064 Exemplum
724 982 764 1045 de
788 1002 837 1046 me
861 1001 996 1064 paupere
1063 983 1089 1045 si
1112 982 1161 1045 vis
1184 985 1288 1043 tenere
1310 974 1442 1053 suscipe‘.

518 1073 591 1137 Post
614 1073 689 1135 baec
712 1071 841 1135 ministri
866 1072 993 1151 publico
1060 1070 1254 1135 conveniunt
1275 1067 1307 1129 in
1330 1063 1429 1127 trivio:

467 1182 494 1227 uo
516 1162 613 1225 Villae
637 1161 743 1240 maior,
768 1161 968 1241 praepositus,
1035 1160 1141 1241 templi
1165 1157 1312 1223 sacerdos
1335 1152 1457 1215 inclitus

518 1250 720 1314 Oeconomus
741 1249 886 1313 attonitus
953 1249 1018 1313 suis
1041 1249 1131 1311 refert
1154 1245 1324 1312 comitibus

519 1340 641 1402 Famam
666 1338 739 1401 novi
763 1338 948 1415 commercii,
1017 1338 1110 1401 unius
1132 1340 1297 1417 quaestum
1320 1331 1403 1396 corii.

517 1428 605 1491 Tunc
627 1426 751 1507 gavisus
774 1427 966 1507 praepositus
1034 1427 1129 1490 lactus
1151 1426 1244 1489 tantis
1267 1419 1442 1486 rumoribus

518 1516 677 1580 Profunda
700 1515 751 1577 dal
773 1516 912 1596 suspiria,
981 1533 1051 1578 curn
1076 1534 1193 1597 pompa
1216 1514 1325 1577 dicens
1347 1509 1428 1572 talia:

467 1624 495 1669 ss
518 1604 624 1683 ,Vobis
646 1604 745 1667 dicam
771 1604 961 1679 miraculum,
1031 1605 1173 1667 revelabo
1198 1601 1389 1685 prodigium,

516 1693 660 1775 Aperiam
684 1692 846 1755 consilium
915 1692 1077 1755 celandum
1102 1693 1353 1756 saluberrimum.

518 1782 549 1847 Si
573 1782 664 1846 vultis
687 1799 754 1845 esse
776 1782 892 1858 divites,
960 1780 986 1843 si
1011 1781 1163 1859 fortunati,
1191 1782 1330 1857 comites,

519 1870 608 1947 Quae
631 1889 700 1935 sum
724 1871 858 1935 facturus
880 1870 967 1934 facile
1034 1870 1192 1949 sequenda
1215 1888 1303 1934 nunc
1327 1860 1505 1949 perpendite·
1619 1853 1621 1916 Ὺ

518 1961 682 2025 Anostris
705 1960 907 2023 tabernaculis
974 1958 1077 2023 omnis
1100 1959 1223 2022 fortuna
1247 1958 1360 2024 sterilis
1621 1967 1622 1970 ’

469 2068 495 2113 ro
519 2050 663 2113 Discedet
686 2068 741 2129 per
763 2049 982 2113 commercium
1050 2049 1309 2112 commerciorum
1335 2042 1507 2109 maximum.

520 2138 572 2201 Est
595 2136 749 2200 mercandi
773 2137 906 2214 felicitas,
975 2155 1069 2217 quam
1092 2137 1259 2200 transmisit
1282 2134 1435 2206 divinitas,

520 2225 568 2287 De
591 2225 758 2287 vitulorum
782 2225 882 2301 coriis,
950 2223 996 2287 de·
1013 2226 1176 2288 vitularum
1199 2226 1319 2306 spoliis.

520 2313 580 2375 Hic
603 2317 706 2376 noster
729 2330 846 2392 pauper
871 2312 995 2377 Unibos
1062 2314 1153 2377 habet
1176 2315 1291 2378 multos
1315 2310 1466 2382 denarios,

519 2401 610 2475 Quos
633 2418 696 2463 non
721 2405 877 2463 mensurat
900 2419 1039 2479 numero,
1107 2402 1161 2465 sed
1185 2403 1297 2468 ferrato
1321 2398 1462 2469 sextario.

470 2509 496 2555 rs
521 2491 572 2553 Est
594 2490 767 2553 fortunatus
790 2490 893 2553 subito
962 2490 1055 2553 unius
1078 2492 1166 2571 pellis
1189 2493 1296 2572 pretio,

519 2579 623 2653 Quam
647 2578 786 2641 vendidit
808 2578 839 2641 in
865 2578 1008 2659 proximo
1076 2585 1186 2643 eventu
1209 2581 1400 2645 felicissimo,

519 2668 592 2731 Non
614 2672 659 2731 est
681 2686 770 2749 opus,
794 2668 853 2731 sub
877 2668 1030 2732 imbribus
1097 2688 1181 2731 arare
1205 2670 1296 2733 nobis
1322 2668 1467 2753 amplius

519 2756 551 2820 Si
575 2756 711 2836 probatis
734 2775 795 2819 una
819 2756 869 2820 die
938 2758 1120 2837 locupletem
1144 2758 1183 2820 de
1206 2777 1349 2839 paupere.

519 2844 580 2909 Sed
596 2846 682 2925 quod
700 2864 791 2910 narro
807 2847 1027 2909 commercium
1089 2848 1242 2910 occultum
1261 2849 1300 2911 sit
1315 2868 1370 2929 per
1386 2845 1532 2912 m'duum

471 2954 498 2999 uo
521 2934 552 2998 Si
576 2938 743 3014 trapezetae
766 2939 914 3015 saperent,
981 2939 1142 3014 argentum
1166 2954 1336 3016 numquam
1360 2931 1532 3002 tunderent

522 3024 573 3087 Est
596 3024 671 3086 facta
693 3023 914 3087 demonstratio
982 3024 1157 3087 commercii
1181 3025 1220 3087 de
1243 3028 1428 3104 commodo;

522 3112 585 3176 Fiat
607 3113 793 3189 deliberatio,
865 3112 942 3192 quid
966 3112 1058 3175 nobis
1080 3114 1118 3176 sit
1141 3113 1172 3175 in
1195 3114 1318 3178 animo‘.

520 3202 569 3264 Ad
593 3204 668 3283 haec
690 3202 848 3283 suspirans
875 3202 1033 3282 presbyter
1101 3202 1187 3281 prior
1209 3204 1368 3283 respondit
1391 3202 1531 3285 impiger,

521 3290 636 3354 Plenus
660 3310 758 3354 novae
781 3290 908 3353 laetitiae
976 3291 1161 3371 plusquam
1186 3293 1283 3371 possit
1305 3294 1480 3357 ostendere:

470 3397 498 3442 ar
520 3378 552 3441 Si
576 3379 742 3441 imitaretur
767 3379 954 3457 Unibovem,
1014 3397 1103 3457 ,uxor
1125 3398 1218 3459 quam
1242 3381 1316 3444 duxi
1341 3382 1487 3457 nobilem,

522 3466 583 3529 Pro
605 3467 677 3528 tanti
702 3467 776 3529 lucri
800 3484 855 3547 spe
879 3468 962 3530 bona
1030 3486 1103 3531 mox
1126 3474 1240 3532 careret
1262 3471 1420 3550 pellicula‘.

521 3555 596 3617 lllox
619 3554 718 3632 major
740 3555 829 3617 villae
851 3555 965 3633 tertius,
1023 3557 1157 3619 habendi
1181 3559 1230 3621 cui
1254 3577 1318 3622 non
1342 3564 1386 3621 est
1409 3557 1531 3632 moduS,

521 3642 610 3716 Quae
634 3642 773 3721 concepit
796 3661 833 3704 ex
856 3642 960 3705 fabula
1027 3647 1172 3708 eructavit
1193 3647 1348 3727 prodigia:

521 3732 589 3810 ,Per
612 3731 703 3793 istum
726 3730 796 3809 iuro
820 3731 974 3807 baculum,
1042 3751 1098 3811 per
1120 3751 1235 3812 corpus
1250 3735 1310 3797 hoc
1325 3736 1532 3814 perspicuum,

472 3840 499 3885 ao
523 3821 554 3884 Si
578 3820 733 3883 ruminant
756 3818 892 3882 diluculo
962 3820 1021 3882 mei
1045 3820 1142 3883 boves
1165 3822 1196 3882 in
1220 3822 1359 3885 stabulo‘.

523 3911 652 3973 Dextras
675 3909 787 3971 furtivo
810 3907 936 3972 foedere
1003 3908 1137 3972 vicissim
1161 3913 1274 3971 certant
1294 3913 1426 3988 tangere,

524 4002 566 4065 Ut
589 4000 666 4063 clam
690 3999 787 4063 boves
809 3998 1012 4076 excerebrent,
1081 3998 1253 4061 interfectos
1276 3997 1436 4060 excorient.

525 4090 646 4153 firmati
670 4108 724 4170 per
747 4090 877 4153 stultiam
947 4088 1119 4170 procedunt
1140 4088 1179 4151 ad
1203 4086 1364 4163 insaniam;

525 4181 655 4243 Mactant
678 4180 774 4242 boves
797 4178 966 4256 crudeliter,
1034 4178 1222 4242 excoriantes
1243 4176 1358 4239 acriter.
