3584 4884
799 382 1043 437 -104—

391 551 544 632 principes
568 569 657 613 mane
681 551 860 614 comedunt!
906 551 1028 614 Interim
1052 557 1153 615 autem
1177 553 1297 616 iuvenis
1320 553 1378 630 ille,
1402 553 1457 632 qui

391 644 506 720 patrem
531 640 621 703 morti
646 640 841 716 subtraxerat,
865 640 896 701 in
921 640 1004 702 curia
1021 645 1125 721 utpote
1142 641 1255 705 nobilis
1271 642 1456 719 morabatur,

390 747 557 809 causasque
589 729 647 792 sibi
679 729 852 808 propositas
883 728 923 791 ad
955 733 1070 809 patrem
1101 730 1133 792 in
1163 729 1269 793 abdito
1300 730 1457 807 referebat,

334 829 376 877 aso
390 837 522 898 quarum
545 817 731 880 solutionem
754 837 773 880 a
796 822 880 898 patre
903 818 1074 898 suscipiens
1096 818 1135 880 ad
1160 819 1303 898 palatium
1328 823 1457 881 reverte-

390 907 479 970 batur
501 925 613 986 easque
636 907 745 968 iterum
769 906 931 986 diligenter
953 907 1103 970 ventilans
1125 908 1313 970 terminabat.
1359 907 1457 980 Quod

391 1013 461 1058 cum
486 996 608 1058 cottidie
631 995 816 1058 crescensin
833 995 980 1076 sapientia
995 1000 1104 1075 ageret,
1128 1015 1296 1076 regemque
1312 997 1457 1077 paulatim

391 1083 547 1147 reduceret
573 1083 613 1146 ad
641 1084 852 1147 rectitudinem
883 1085 943 1147 vite
973 1103 1159 1164 mommque
1189 1085 1385 1161 honestatem,
1417 1084 1457 1147 ad

390 1176 507 1236 tantum
531 1173 597 1236 eius
613 1191 667 1253 pre
682 1173 788 1236 ceteris
804 1191 993 1253 quamquam
1010 1174 1217 1237 nobilioribus
1232 1173 1458 1253 ditioribusque

335 1275 376 1320 aro
392 1265 516 1342 repente
539 1261 677 1342 pervenit
699 1262 930 1324 familiaritatem
945 1267 974 1324 et
989 1263 1161 1340 amicitiam,
1186 1267 1219 1325 ut
1234 1281 1305 1325 eum
1322 1264 1458 1342 primum

391 1355 420 1414 et
442 1369 536 1431 super
563 1368 672 1414 omnes
700 1351 869 1431 principem
901 1356 931 1413 et
952 1351 1161 1414 consiliarium
1185 1352 1349 1414 ordinaret.
1396 1351 1458 1414 Sed

392 1440 435 1504 ob
459 1440 519 1502 hoc
542 1439 673 1503 maxime
704 1439 856 1502 sodalium
888 1444 993 1502 contra
1024 1458 1095 1503 eum
1126 1441 1308 1503 suscitantur
1338 1440 1457 1517 insidie,

391 1528 463 1592 odia
486 1527 721 1592 succenduntur.
755 1523 857 1608 [153⁶]
892 1528 1038 1592 Videntes
1065 1529 1148 1592 enirn
1180 1529 1307 1592 iuvenes
1337 1529 1460 1592 nobiles

390 1635 484 1698 super
498 1635 532 1680 se
548 1617 634 1679 illum
652 1617 820 1694 exaltatum,
840 1634 962 1680 severo
979 1622 1012 1679 ut
1027 1618 1149 1680 inutiles
1164 1621 1266 1681 trusos
1282 1622 1459 1694 retrorsum,

335 1719 376 1765 aaa
392 1705 632 1786 indignabantur
669 1706 865 1769 vehementer
903 1711 932 1768 et
966 1707 1153 1786 cogitabant,
1196 1706 1280 1769 unde
1319 1725 1390 1768 eum
1430 1710 1461 1768 et

391 1794 553 1876 quomodo
576 1801 758 1858 accusarent.
799 1795 884 1858 Dum
909 1800 1009 1858 autem
1033 1796 1084 1858 hic
1106 1796 1137 1856 in
1161 1795 1332 1873 virtutibus,
1356 1795 1400 1856 illi
1424 1795 1459 1856 in

393 1885 505 1946 malitia
535 1888 710 1961 crescerent,
740 1883 822 1946 venit
853 1884 897 1946 eis
927 1883 967 1946 de
997 1888 1080 1964 patre
1112 1884 1233 1946 iuvenis
1262 1884 1294 1946 in
1325 1888 1459 1946 mentem

392 1973 536 2054 suspicio,
561 1991 599 2036 ne
623 1973 701 2036 forte
723 1973 837 2035 viveret
859 1991 895 2036 ac
910 1973 1009 2035 filium
1027 1973 1113 2036 istam
1130 1972 1254 2036 doceret
1268 1973 1459 2054 sapientiam.

393 2060 490 2136 Quod
514 2079 584 2124 cum
609 2062 784 2142 frequenter
811 2062 1106 2139 submurmurarent,
1138 2080 1195 2124 nec
1217 2066 1319 2124 tamen
1342 2061 1403 2124 hoc
1426 2066 1460 2123 ut

336 2165 377 2212 280
392 2151 524 2213 dubium
556 2151 586 2212 in
619 2151 719 2230 palam
750 2149 896 2213 auderent
927 2150 1036 2227 dicere,
1067 2155 1170 2228 artem,
1202 2169 1264 2230 qua
1286 2155 1316 2213 et
1342 2154 1460 2230 patrem

392 2239 532 2320 prodant,
563 2243 766 2318 accusentque
796 2239 896 2300 filium
930 2239 1150 2302 machinantur.
1196 2239 1320 2301 Adeunt
1346 2239 1460 2302 etenim

394 2346 497 2406 regem
522 2331 689 2406 petuntque
720 2332 753 2389 ut
781 2327 970 2407 sollempnes
1000 2328 1193 2408 principibus
1224 2328 1289 2391 suis
1320 2328 1462 2390 exhibeat

393 2415 485 2478 ludos
508 2415 757 2496 sollempnesque
773 2415 886 2496 epulas,
911 2417 1083 2496 precipiens
1103 2417 1219 2480 cunctis
1235 2436 1272 2479 ex
1295 2416 1403 2493 edicto,
1427 2421 1462 2478 ut

393 2505 522 2586 quilibet
551 2521 659 2566 eorum
683 2505 852 2567 amicorum
881 2505 1071 2585 precipuum,
1104 2505 1335 2586 pessimumque
1359 2505 1461 2567 inimi-

337 2607 500 2658 aereorum
525 2593 746 2673 melioremque
777 2593 908 2655 mimum
935 2612 1122 2674 servumque
1152 2593 1326 2658 fideliorem
1354 2612 1460 2656 secum

392 2682 530 2745 adducat.
578 2682 693 2746 Placuit
716 2683 742 2745 ei
767 2681 879 2762 peliti0,
910 2686 1083 2745 statuuntur
1105 2682 1361 2764 sollempnizandi
1385 2682 1461 2761 dies,

394 2775 560 2834 evocantur
582 2771 744 2852 principes,
768 2771 956 2834 conveniunt
978 2772 1101 2851 singuli.
1140 2771 1227 2834 Alius
1251 2771 1377 2852 quidem
1401 2790 1461 2852 pro

393 2861 493 2924 amico
516 2864 641 2940 patrem,
664 2861 741 2923 alius
764 2878 902 2937 uxorem,
926 2860 1004 2923 alius
1026 2860 1171 2924 amasiam
1195 2879 1265 2922 cum
1290 2879 1336 2937 e0,
1366 2878 1461 2940 quern

391 2950 492 3030 magis
516 2949 628 3027 oderat,
660 2967 760 3029 eoque
787 2967 880 3028 quem
911 2949 1084 3012 fideliorem
1116 2949 1299 3030 probaverat
1327 2967 1461 3025 servum,

339 3051 379 3097 aso
394 3039 491 3102 mimo
515 3056 641 3118 quoque
665 3057 757 3118 quem
774 3039 931 3100 invenerat
944 3038 1112 3116 meliorem,
1135 3056 1240 3101 secum
1257 3056 1327 3102 curn
1344 3056 1460 3116 magno

393 3128 471 3191 fastu
494 3127 660 3191 adducens,
707 3127 828 3190 Interim
851 3131 952 3189 aulem
976 3128 1096 3190 iuvenis
1123 3127 1162 3189 ad
1187 3131 1302 3206 patrem
1326 3127 1461 3204 veniens,

395 3217 421 3278 ei
438 3217 523 3296 quod
540 3221 660 3296 gestum
677 3217 781 3293 fuerat,
805 3215 961 3278 enarravit
994 3215 1058 3290 Qui
1075 3235 1149 3278 mox
1164 3215 1273 3278 dolum
1290 3215 1463 3294 intelligens

395 3305 561 3384 interrogat
591 3305 697 3382 filiurn,
729 3305 755 3368 si
779 3322 859 3384 quos
883 3304 1159 3382 naberetemu10s,
1189 3305 1358 3385 accipitque
1389 3322 1461 3366 eum

396 3394 536 3456 omnium
560 3393 713 3456 sodalium
737 3393 884 3455 invidiam
909 3393 1068 3456 etodium
1092 3393 1265 3457 incurrisse.
1311 3394 1399 3455 Tunc
1421 3393 1461 3455 ad

339 3493 380 3540 aaa
396 3482 495 3544 filium
520 3487 616 3562 pater:
649 3481 719 3546 Scio
742 3483 789 3558 ait,
813 3481 858 3543 fili
882 3482 934 3558 mi,
958 3487 1083 3562 propter
1105 3501 1155 3544 me
1178 3487 1207 3544 el
1228 3487 1257 3545 te
1281 3482 1341 3545 hoc
1364 3482 1462 3544 exisse

395 3571 550 3633 decretum
567 3575 595 3632 et
615 3571 671 3633 hec
686 3570 869 3650 sollempnia
885 3571 1038 3647 celebrari,
1062 3574 1096 3632 ut
1111 3588 1181 3634 cum
1197 3575 1229 3633 tu
1246 3589 1304 3649 me,
1327 3571 1461 3632 amicum

396 3658 508 3722 scilicet
537 3662 624 3720 tuum
655 3659 823 3734 meliorem,
859 3659 923 3738 regi
956 3659 1113 3735 obtuleris
1148 3660 1296 3722 continuo
1328 3664 1361 3722 ut
1391 3677 1462 3722 reus

395 3751 649 3827 contemptorque
679 3746 790 3809 decreti
822 3747 911 3826 regis,
943 3748 1015 3827 quia
1037 3748 1112 3810 olim
1137 3765 1274 3811 menon
1298 3747 1461 3825 occideras,

395 3835 553 3900 accuseris.
599 3835 659 3898 Sed
683 3841 715 3898 tu
745 3835 837 3910 aliter,
867 3853 961 3914 quam
989 3841 1113 3916 sperant
1139 3837 1242 3914 emuli,
1273 3837 1388 3899 iaciens
1412 3855 1462 3899 me

340 3941 381 3988 eoo
396 3924 435 3989 ad
459 3941 584 4005 presens
607 3924 723 3987 omisso
747 3941 852 3986 canem
877 3928 907 3986 et
928 3924 1058 4002 asinum,
1089 3942 1218 3986 uxorem
1242 3929 1271 3987 et
1298 3925 1461 4005 parvulum

396 4015 435 4078 ad
466 4031 569 4093 regem
600 4013 740 4076 omnium
772 4011 899 4075 ultimus
929 4012 1113 4075 introducas.
1160 4014 1196 4074 Et
1225 4014 1326 4093 [154²]
1356 4013 1463 4076 docuit

398 4105 583 4181 cumpater,
615 4119 706 4179 quem
740 4101 851 4162 horum
879 4101 1021 4177 amicum,
1052 4118 1144 4178 quem
1169 4101 1336 4178 inimicum,
1367 4121 1461 4182 quern
