3584 4884
844 451 1063 506 ..74-

420 637 569 682 cameram
603 621 735 699 intrauit;
767 622 877 684 milites
907 621 1122 701 sequebantur.
1168 621 1219 682 nir
1248 621 1275 683 ei
1307 621 1484 700 imperator:

424 710 474 774 »Ο
502 709 585 773 bona
613 709 748 787 domina,
781 710 857 789 quid
885 711 940 772 tibi
968 711 1053 772 est?⁴¹
1101 711 1141 772 At
1168 710 1230 771 illa:
1269 709 1319 774 »Ο
1349 709 1484 785 domine,

422 798 661 862 misereremei!
710 800 766 862 lsle
790 817 853 862 non
882 806 927 862 est
954 799 1037 862 filius
1063 803 1143 876 tuus,
1173 799 1227 862 sed
1251 802 1296 861 est
1324 797 1485 880 dyabolus

366 905 407 950 seo
423 887 506 951 Sicut
528 887 617 964 scitis,
648 907 720 950 eum
751 888 908 951 introduxi
935 888 975 950 ad
1004 887 1206 968 loquendum.
1253 887 1335 950 Cum
1358 905 1434 949 vero
1457 887 1485 948 ei

422 977 576 1056 predicaui
601 981 634 1039 ut
657 978 841 1057 loqueretur,
870 977 922 1039 ille
945 996 995 1039 me
1018 977 1055 1039 ad
1085 981 1250 1056 peccatum,
1279 977 1311 1039 in
1336 980 1485 1056 quantum

421 1065 527 1145 potuit,
559 1066 728 1142 solicitauit,
760 1071 789 1128 et
811 1066 884 1146 quia
912 1067 939 1128 ei
963 1066 1136 1129 consentire
1167 1066 1261 1142 nolui,
1293 1066 1360 1146 ipse
1382 1083 1432 1126 me
1455 1065 1486 1126 vi

421 1155 597 1234 opprimere
621 1155 754 1218 uolebat.
802 1155 863 1218 Sed
887 1155 989 1231 restiti,
1014 1155 1045 1217 in
1069 1160 1218 1234 quantum
1242 1154 1337 1235 potui,
1361 1157 1488 1234 propter

421 1243 598 1306 scandalum
632 1243 823 1322 euitandum,
855 1243 956 1306 donec
986 1244 1094 1307 faciem
1126 1261 1225 1306 meam
1255 1243 1295 1306 ad
1326 1242 1488 1322 sanguinis

367 1351 407 1396 aso
423 1333 606 1396 effusionem
631 1333 807 1396 dilacerauit
833 1337 862 1395 et
884 1337 983 1396 vestes
1005 1351 1041 1395 ac
1064 1337 1243 1395 ornamenta
1265 1332 1378 1412 capitis,
1409 1332 1488 1393 sicut

421 1421 493 1484 satis
523 1427 625 1501 aperte
656 1422 762 1484 videre
794 1423 933 1502 potestis,
969 1426 998 1484 et
1027 1422 1085 1484 nisi
1120 1422 1214 1484 cicius
1247 1421 1286 1482 ad
1321 1421 1485 1482 clamorem

421 1510 572 1588 veniretis,
610 1529 697 1573 suam
731 1511 920 1574 uoluntatem
953 1512 1014 1590 (Βὶ.
1046 1514 1149 1587 1412.)
1180 1510 1343 1590 pessimam
1375 1510 1406 1571 in
1438 1527 1487 1570 me

422 1599 665 1679 compleuissef.¹¹
702 1601 876 1680 Imperator,
901 1618 972 1662 cum
988 1618 1055 1662 eam
1080 1599 1345 1679 sanguinolentam
1362 1597 1489 1661 vidisset

422 1707 457 1750 ac
485 1692 583 1751 vestes
613 1689 789 1752 dilaceratas
818 1693 848 1752 et
876 1689 943 1751 eius
973 1689 1205 1768 queremoniam
1236 1687 1377 1763 audisset,
1408 1687 1488 1748 furia

367 1795 407 1840 ero
424 1777 556 1857 repletus
580 1779 714 1858 precepit
736 1778 916 1840 satellitibus
938 1783 971 1840 ut
986 1796 1057 1839 eum
1073 1777 1112 1839 ad
1137 1777 1307 1857 patibulum
1331 1776 1487 1852 ducerent,

423 1871 456 1928 ut
470 1867 716 1948 suspenderetur.
752 1867 875 1947 Satrape
892 1867 952 1930 hoc
966 1866 1125 1930 audientes
1140 1867 1295 1928 dixerunt:
1322 1865 1487 1940 „Domine

422 1960 538 2024 tantum
563 1957 686 2018 vnicum
715 1955 814 2018 filium
839 1957 950 2033 habes,
981 1973 1045 2018 non
1074 1960 1118 2018 est
1145 1956 1264 2018 bonum
1292 1959 1352 2016 tam
1382 1953 1489 2016 leuiter

422 2062 492 2106 eum
518 2045 666 2109 occidere.
714 2046 775 2107 Lex
803 2049 848 2108 est
876 2045 974 2125 posita
1004 2063 1062 2124 pro
1090 2043 1380 2123 transgressoribus;
1410 2047 1440 2104 et
1461 2042 1488 2105 si

423 2135 501 2196 mori
526 2135 624 2211 debet,
649 2153 703 2214 per
719 2135 817 2213 legem
835 2135 992 2211 moriatur,
1016 2152 1055 2196 ne
1078 2133 1207 2196 dioetur:
1233 2133 1308 2195 Ecce
1323 2132 1490 2211 imperator

367 2237 408 2283 ars
423 2221 490 2283 sine
513 2222 628 2284 iudicio
652 2223 683 2284 in
708 2223 787 2285 furia
809 2241 864 2285 sua
881 2224 1005 2285 vnicum
1025 2223 1124 2284 filiurn
1141 2240 1233 2284 suurn
1250 2220 1393 2284 occidit!a
1436 2219 1489 2282 llle

423 2309 483 2372 hoc
505 2311 635 2373 audiens
658 2313 793 2392 precepit
808 2316 841 2374 ut
862 2313 1098 2374 incarceraretur
1119 2315 1182 2374 tota
1204 2314 1300 2388 nocte,
1323 2326 1490 2389 quousque

423 2397 570 2462 iudicium
595 2404 700 2462 contra
723 2419 794 2463 eum
820 2401 998 2480 procederet
1013 2400 1063 2463 die
1078 2400 1215 2462 crastina.
1252 2400 1287 2460 lit
1308 2399 1353 2461 sic
1375 2398 1488 2460 factum

422 2491 474 2548 est.
504 2489 687 2568 imperatrix,
712 2507 782 2551 cunr
799 2490 934 2552 audisset
948 2489 1034 2569 quod
1052 2507 1129 2569 puer
1144 2487 1285 2550 nondum
1301 2488 1339 2549 ad
1358 2491 1487 2549 mortem

424 2577 541 2654 positus
565 2577 679 2656 luisset,
703 2579 790 2641 fleuit
812 2597 915 2640 amare
931 2583 960 2640 et
974 2578 1127 2641 consolari
1151 2577 1282 2640 nolebat
1318 2575 1401 2664 Cum
1426 2593 1489 2638 nox

367 2681 409 2726 220
424 2664 550 2742 adesset,
575 2666 740 2746 imperator
762 2685 913 2730 cameram
938 2667 1060 2729 intrauit
1075 2671 1105 2728 et
1119 2666 1340 2746 imperatricem
1365 2665 1488 2726 flentem

423 2753 548 2816 inuenit.
596 2757 631 2817 Et
653 2756 705 2818 ait:
739 2757 819 2821 „Dic
843 2756 944 2833 michi,
969 2756 1149 2831 karrissima,
1173 2756 1216 2819 ob
1240 2773 1333 2834 quarn
1357 2772 1421 2815 rem
1445 2753 1490 2815 sic

422 2842 569 2922 affligitur
584 2845 686 2906 anima
709 2847 793 2907 tuan
829 2845 869 2907 At
884 2845 947 2906 illa:
974 2846 1108 2909 „Nonne
1123 2844 1178 2906 tibi
1194 2847 1311 2906 constat
1325 2841 1490 2922 quomodo

422 2931 506 2995 filius
528 2937 599 2996 tuus
624 2933 801 2996 maledictus
825 2952 874 2996 me
898 2933 1094 2996 dilacerauit?
1134 2933 1263 3012 Propter
1285 2931 1372 3011 quod
1396 2930 1490 2992 michi

423 3021 524 3084 dixisti
548 3023 634 3101 quod
659 3027 836 3100 moreretur,
860 3027 889 3084 et
905 3023 1007 3084 adhuc
1029 3023 1135 3084 viuit.“
1171 3021 1211 3084 nt
1234 3021 1296 3082 ille:
1323 3019 1420 3085 „Cras
1435 3037 1492 3099 per

368 3109 572 3174 assiudicium
598 3113 757 3188 morietur,
789 3116 818 3174 et
840 3112 902 3174 lroc
928 3115 972 3173 est
1000 3111 1110 3173 melius
1141 3129 1198 3190 pro
1223 3128 1272 3172 me
1294 3114 1324 3172 et
1345 3113 1402 3170 te.a
1451 3108 1492 3169 At

423 3199 486 3260 illa:
520 3199 571 3264 »Ο
595 3200 729 3277 domine,
758 3200 850 3262 debet
872 3205 932 3262 tam
957 3199 1011 3261 diu
1035 3200 1162 3262 viuere?
1207 3199 1307 3260 Arnen
1331 3197 1403 3259 dico
1425 3197 1490 3273 tibi,

422 3287 516 3349 timeo
541 3289 626 3366 quod
651 3289 807 3367 contingat
829 3288 869 3350 de
891 3293 920 3350 te
944 3293 973 3350 et
995 3288 1034 3351 de
1058 3307 1105 3365 eo,
1133 3288 1211 3350 sicut
1233 3286 1391 3367 quondam
1416 3303 1491 3349 con-

423 3375 559 3453 tingebat
581 3377 620 3438 de
644 3378 715 3456 pina
739 3381 768 3438 et
790 3377 931 3456 pinellat
973 3377 1011 3439 At
1035 3377 1098 3439 ille:
1130 3376 1240 3456 „Rogo
1263 3380 1299 3449 te,
1323 3375 1373 3437 dic
1396 3374 1490 3436 michi

423 3463 499 3523 illud
523 3466 733 3544 exemplumlt
781 3465 820 3526 At
843 3466 906 3526 illa:
934 3467 1019 3530 „rin
1041 3466 1185 3527 uoluntas
1207 3466 1292 3526 tua!u

606 3658 708 3720 Prima
732 3661 862 3722 narratio
887 3661 1085 3739 imperatricis
1109 3661 1169 3739 (Bl.
1198 3660 1309 3739 t4tv.).

896 3778 1014 3849 [moon

369 3932 409 3978 290
515 3907 584 3967 Erat
613 3906 739 3985 quidam
771 3906 935 3983 burgensis
965 3906 996 3967 in
1027 3906 1144 3968 civitate
1175 3907 1281 3984 Roma,
1310 3907 1364 3986 qui
1387 3910 1491 3969 ortum

426 3994 665 4075 pulcherrimum
690 3995 827 4057 habebat.
886 3994 919 4054 ln
943 4012 1007 4072 quo
1031 3999 1099 4056 orto
1123 3999 1186 4056 erat
1208 3996 1281 4075 pina
1303 3996 1322 4057 i.
1346 4014 1373 4058 e.
1397 3995 1493 4058 arbor

426 4084 546 4161 nobilis,
571 4102 631 4162 que
654 4083 784 4162 singulis
804 4081 893 4142 annis
913 4082 1046 4143 fructum
1062 4083 1233 4144 virtuosum
1251 4083 1442 4162 producebat
1457 4084 1490 4145 in

424 4177 503 4236 tanta
526 4172 641 4248 virtute,
666 4171 760 4250 quod,
785 4169 974 4247 quicumque
997 4168 1139 4230 infirmus
1162 4175 1289 4250 excepto
1310 4171 1434 4250 leproso
1450 4172 1491 4235 de
