3584 4884
699 475 944 532 -191-

286 645 430 719 mesticie,
460 644 538 709 dixit
559 644 645 726 quod
674 646 735 709 hoc
762 644 877 709 diceret
898 646 926 707 ei
949 648 979 708 ct
1001 644 1145 708 denarios
1173 644 1243 708 illos
1270 644 1355 709 daret
1386 695 1388 701 .

142 795 143 806 ,
226 752 273 797 sus
287 734 325 809 ei,
348 734 375 797 si
389 734 504 813 juraret
518 733 604 815 quod
620 752 678 815 pro
693 734 811 797 viribus
826 734 891 797 suis
906 752 977 797 eum
1000 734 1126 815 juvaret.
1162 733 1259 808 Quod
1283 751 1354 797 eum

142 813 143 840 ¹
285 822 338 885 illa
360 822 488 901 fecisset,
512 823 563 886 ille
585 822 662 887 dixit
683 841 717 887 se
738 841 806 886 esse
827 822 995 887 demonem
1011 822 1065 902 qui
1085 822 1218 902 graviter
1231 823 1356 886 timebat

286 912 391 991 puniri
415 930 433 974 a
455 929 515 996 suo
543 912 689 992 principe,
720 912 775 991 qui
802 930 858 991 per
886 912 1009 991 triginta
1037 929 1138 975 annos
1167 912 1356 983 laboraverat

285 1004 394 1063 contra
415 1001 489 1064 tales
512 1000 702 1080 conjugatos,
725 1018 782 1064 nec
804 1004 945 1081 potuerat
959 1018 1014 1064 eos
1029 1000 1077 1063 vel
1100 1000 1199 1064 facere
1222 1018 1354 1081 peccare,

285 1089 336 1152 vel
352 1089 384 1151 in
400 1088 506 1170 aliquo
521 1088 712 1166 discordare;
727 1089 789 1169 qui,
805 1089 875 1152 data
889 1090 918 1153 ei
934 1088 1072 1169 pecunia,
1089 1090 1218 1152 recessit.
1248 1089 1356 1153 Vetula

227 1196 273 1241 ero
287 1181 399 1255 autem,
411 1182 568 1259 assumpta
574 1178 886 1258 quadamJuvencula,
899 1178 981 1241 misit
992 1194 1059 1241 eam
1072 1178 1103 1240 in
1116 1177 1246 1241 domum
1258 1196 1355 1255 suam,

286 1271 317 1330 et
328 1267 412 1330 venit
425 1266 465 1329 ad
481 1267 641 1330 mulierem
654 1266 765 1329 dictam
781 1266 984 1347 conjugatam,
1001 1270 1031 1329 et
1045 1265 1120 1329 dixit
1136 1268 1163 1329 ei
1180 1268 1266 1346 quasi
1283 1285 1354 1331 cum

287 1372 401 1435 magna
423 1356 638 1436 compassione
661 1355 748 1435 quod
770 1356 818 1418 vir
844 1373 921 1420 suus
951 1355 1132 1435 illaqueatus
1162 1360 1225 1419 erat
1250 1374 1356 1419 amore

286 1443 449 1523 cujusdam
478 1444 640 1523 iuvencule
670 1444 770 1507 vicine
795 1462 861 1522 suc,
891 1462 985 1525 quem
1016 1443 1139 1507 viderat¹
1164 1462 1235 1507 curn
1265 1463 1301 1508 ea
1323 1445 1355 1507 in

287 1532 386 1597 domo
409 1533 580 1617 coniuncta,
610 1533 803 1614 prospiciens
829 1552 885 1613 per
912 1534 1071 1614 parietem:
1102 1532 1238 1596 audierat
1260 1534 1354 1597 eciam

226 1638 274 1685 aaa
288 1621 376 1701 quod
399 1622 581 1685 sollicitabat
601 1640 678 1698 eam,
709 1626 740 1689 et
764 1622 825 1701 jam
850 1622 878 1685 ei
906 1622 1088 1703 promiserat
1109 1622 1253 1698 tunicam,
1284 1623 1357 1701 quia

286 1711 316 1773 ei
338 1728 373 1774 se
395 1714 585 1791 exposuerat,
607 1709 648 1773 de
670 1728 859 1790 quocunque
882 1728 986 1791 panno
1001 1710 1099 1788 vellet,
1122 1714 1152 1773 et
1174 1711 1240 1791 ipsa
1263 1709 1355 1774 debe-

287 1800 340 1864 bat
362 1800 468 1863 venire
489 1799 535 1865 ad
566 1800 633 1879 eius
657 1800 878 1880 operatorium,
910 1804 945 1861 ut
974 1799 1099 1879 eligeret
1127 1799 1186 1862 sibi
1218 1816 1356 1880 pannum

286 1889 375 1967 quod
398 1888 496 1966 vellet,
526 1888 600 1968 quia
622 1892 772 1951 mercator
794 1892 865 1951 erat
911 1888 993 1951 Cum
1017 1892 1118 1951 autem
1142 1887 1256 1951 diceret
1278 1888 1357 1952 dicta

287 1995 369 2044 uxor
391 1976 478 2057 quod
509 1978 757 2057 hocnunquam
785 1976 929 2053 crederet,
960 1976 1032 2057 quia
1055 1977 1103 2039 vir
1132 1995 1208 2040 suus
1239 1977 1357 2058 probus

227 2083 273 2129 sao
288 2066 388 2130 homo
410 2071 481 2143 erat,
510 2066 563 2128 ait:
596 2066 689 2131 „Non
713 2065 841 2129 credatis
864 2066 922 2129 nisi
951 2067 1008 2129 hec
1035 2066 1168 2145 insignia
1190 2066 1354 2130 videritis.¹¹

287 2156 362 2217 ltem
386 2154 495 2219 eadem
518 2155 618 2217 vetula
641 2153 755 2220 ivitad
778 2154 894 2217 dictum
918 2154 1028 2231 virum,
1051 2154 1157 2218 dicens
1180 2154 1266 2235 quod
1290 2155 1357 2218 talis

286 2244 417 2307 clericus
439 2244 522 2306 illius
543 2244 677 2321 ecclesie,
707 2261 801 2323 quam
825 2243 926 2306 vetula
949 2244 1167 2323 frequentabat,
1198 2244 1264 2323 ejus
1286 2244 1357 2307 ada·

287 2333 392 2403 mabat
413 2350 552 2410 uxorem,
575 2337 612 2411 et,
635 2350 705 2396 cum
730 2332 796 2412 ipsa
818 2336 897 2395 esset
919 2332 1099 2395 abscondita
1122 2337 1202 2397 retro
1218 2333 1357 2415 colump-

288 2439 361 2484 nam
385 2422 417 2484 in
441 2421 594 2499 oracione,
615 2421 774 2484 audiverat
794 2438 849 2484 eos
864 2421 1084 2501 colloquentes,
1108 2426 1138 2483 et
1159 2422 1359 2485 condixerant

229 2526 274 2573 ras
289 2510 350 2573 sibi
373 2510 461 2590 quod
484 2511 551 2591 ipsa
577 2510 678 2573 virum
706 2528 798 2573 suurn
827 2510 974 2589 spoliaret
995 2513 1025 2572 et
1046 2528 1117 2572 cum
1141 2510 1224 2574 dicto
1248 2511 1357 2575 clerico

289 2599 451 2662 recederet
497 2598 594 2673 Quod
617 2616 688 2661 curn
712 2598 760 2659 vir
782 2598 878 2661 nollet
900 2598 1030 2677 credere,
1054 2600 1095 2661 ait
1117 2600 1230 2662 vetula:
1265 2600 1357 2665 „Non

288 2688 418 2751 credatis
441 2688 499 2751 nisi
523 2704 578 2751 eos
601 2705 666 2750 cras
689 2687 739 2750 tali
763 2687 841 2750 hora
855 2687 1067 2767 colloquentes
1082 2688 1227 2765 videritis,
1251 2688 1283 2749 in
1306 2688 1357 2750 tali

288 2776 360 2840 loco
394 2776 459 2853 ubi,
493 2780 527 2838 ut
555 2775 668 2853 audivi,
704 2776 818 2839 debent
847 2776 1041 2839 convenire.a
1090 2776 1179 2840 Tunc
1213 2776 1358 2839 recedens

289 2865 390 2928 vetula
427 2865 511 2928 misit
545 2864 741 2943 iuvenculam
780 2864 819 2927 ad
858 2865 1066 2946 operatorium
1105 2883 1175 2929 cum
1215 2864 1357 2943 denariis,

230 2972 275 3018 sao
291 2954 379 3033 quasi
401 2954 441 3016 ad
464 2952 635 3017 videndum
659 2972 797 3034 pannum
814 2954 869 3033 qui
891 2954 952 3017 sibi
976 2954 1113 3033 placeret
1153 2954 1243 3019 Uxor
1256 2957 1357 3016 autern

289 3042 361 3106 dicti
385 3042 570 3120 mercatoris,
599 3042 709 3105 videns
737 3061 804 3104 eam
828 3043 1036 3123 operatorium
1063 3042 1121 3105 viri
1145 3042 1306 3104 intrantem
1330 3046 1360 3104 et

289 3136 459 3208 exeuntem,
490 3132 570 3211 cepit
591 3130 739 3212 suspicari
762 3130 849 3211 quod
872 3150 980 3194 verum
1005 3135 1108 3211 posset
1130 3148 1197 3193 esse
1220 3129 1306 3211 quod
1329 3130 1358 3193 ei

288 3220 390 3283 vetula
412 3219 537 3297 dixerat,
569 3229 598 3282 et
625 3238 683 3299 pro
713 3220 836 3283 tristicia
863 3237 928 3283 non
959 3223 1075 3300 poterat
1105 3220 1278 3283 comedere.
1325 3221 1357 3282 ln

289 3326 369 3386 sero,
398 3308 479 3388 [vir],
508 3307 670 3371 advertens
693 3308 799 3371 uxoris
821 3308 984 3385 tristiciam,
1017 3309 1184 3373 mirabatur
1207 3313 1236 3371 et
1258 3308 1359 3389 suspi-

230 3412 277 3460 ras
291 3398 415 3460 cabatur
443 3396 530 3477 quod
563 3396 690 3476 aliquod
718 3401 797 3460 esset
824 3397 855 3459 in
883 3416 982 3461 causa.
1028 3398 1136 3461 Vetula
1157 3402 1259 3461 autem
1287 3414 1359 3477 pro-

289 3486 406 3549 curavit
427 3486 515 3566 quod
538 3485 667 3549 clericus
689 3485 730 3549 de
752 3503 817 3565 quo
839 3486 957 3549 dixerat
975 3486 1051 3564 viro,
1075 3487 1152 3551 hora
1167 3505 1228 3567 qua
1244 3486 1360 3549 dixerat

289 3578 320 3639 et
341 3574 420 3653 loco,
443 3592 515 3637 cunr
539 3574 618 3637 dicta
633 3578 773 3637 matrona
788 3579 833 3638 est
848 3575 987 3655 loqutus;
1011 3575 1078 3638 viro
1102 3576 1163 3640 hoc
1185 3575 1360 3639 advertente

289 3667 320 3726 et
348 3667 486 3739 notante,
517 3663 601 3726 venit
629 3662 668 3725 ad
699 3663 873 3741 mulierem,
907 3682 969 3744 que
999 3663 1094 3727 eciam
1125 3664 1243 3729 viderat
1272 3664 1359 3745 quod

288 3752 453 3831 juvencula
480 3770 618 3832 pannum
641 3769 734 3830 quem
757 3757 827 3815 ante
849 3752 966 3816 viderat
980 3752 1192 3833 deportaverat
1212 3758 1358 3835 emptum,

231 3858 276 3905 cro
290 3844 321 3903 et
342 3841 383 3903 ait
405 3840 447 3903 ei:
480 3840 646 3916 „Domina
677 3844 757 3902 certa
785 3840 851 3904 sitis
878 3842 965 3921 quod
995 3842 1043 3904 vir
1072 3846 1171 3906 vester
1202 3847 1358 3923 peccatum

288 3930 351 4009 jam
386 3929 582 4010 perpetravit,
614 3932 644 3990 et
674 3947 730 4008 pre
759 3947 866 3992 amore
895 3930 978 3993 illius
1010 3930 1176 4009 juvencule
1203 3932 1359 4013 affligitur,

289 4018 377 4099 quod
400 4018 479 4086 satis
495 4017 637 4098 potuistis
659 4016 825 4081 advertisse
847 4037 886 4081 ex
901 4018 1036 4082 mesticia
1050 4020 1118 4100 eius
1140 4020 1180 4083 ad
1203 4038 1273 4099 vos,
1296 4020 1359 4100 iam

290 4124 430 4188 pannum
462 4105 641 4187 deportavit,
671 4110 701 4169 et
729 4106 831 4172 virum
862 4111 996 4171 vestrum
1027 4109 1178 4187 amisistis,
1211 4110 1268 4172 nisi
1299 4110 1359 4173 cito

290 4194 485 4259 occurratis.u
533 4195 622 4257 Tunc
644 4194 696 4257 illa
718 4195 851 4275 quesivit
872 4196 1036 4275 quomodo
1060 4202 1164 4279 posset
1187 4216 1359 4277 occurrere;
