<?xml version="1.0" encoding="UTF-8"?>
<!DOCTYPE html PUBLIC "-//W3C//DTD XHTML 1.0 Transitional//EN"
    "http://www.w3.org/TR/xhtml1/DTD/xhtml1-transitional.dtd">
<html xmlns="http://www.w3.org/1999/xhtml" xml:lang="en" lang="en">
 <head>
  <title>
</title>
<meta http-equiv="Content-Type" content="text/html;charset=utf-8" />
  <meta name='ocr-system' content='tesseract 3.04.00' />
  <meta name='ocr-capabilities' content='ocr_page ocr_carea ocr_par ocr_line ocrx_word'/>
</head>
<body>
  <div class='ocr_page' id='page_1' title='image "./probenderlatein01ulrigoog_0211.png"; bbox 0 0 3584 4884; ppageno 0'>
   <div class='ocr_carea' id='block_1_1' title="bbox 842 460 1087 515">
    <p class='ocr_par' dir='ltr' id='par_1_1' title="bbox 842 460 1087 515">
     <span class='ocr_line' id='line_1_1' title="bbox 842 460 1087 515; baseline 0 0"><span class='ocrx_word' id='word_1_1' title='bbox 842 460 1087 515; x_wconf 87' lang='lat'>—202-</span> 
     </span>
    </p>
   </div>
   <div class='ocr_carea' id='block_1_2' title="bbox 369 628 1503 1333">
    <p class='ocr_par' dir='ltr' id='par_1_2' title="bbox 432 628 1502 713">
     <span class='ocr_line' id='line_1_2' title="bbox 432 628 1502 713; baseline 0.003 -19"><span class='ocrx_word' id='word_1_2' title='bbox 432 630 600 707; x_wconf 74' lang='lat' dir='ltr'>orandum,</span> <span class='ocrx_word' id='word_1_3' title='bbox 632 628 671 692; x_wconf 92' lang='lat' dir='ltr'>de</span> <span class='ocrx_word' id='word_1_4' title='bbox 700 647 863 710; x_wconf 87' lang='lat' dir='ltr'>quocum</span> <span class='ocrx_word' id='word_1_5' title='bbox 894 629 1009 693; x_wconf 90' lang='lat' dir='ltr'>diceret</span> <span class='ocrx_word' id='word_1_6' title='bbox 1037 630 1143 711; x_wconf 85' lang='lat' dir='ltr'>regina</span> <span class='ocrx_word' id='word_1_7' title='bbox 1173 631 1253 696; x_wconf 85' lang='lat' dir='ltr'>Saba</span> <span class='ocrx_word' id='word_1_8' title='bbox 1282 632 1368 713; x_wconf 90' lang='lat' dir='ltr'>quod</span> <span class='ocrx_word' id='word_1_9' title='bbox 1399 634 1432 695; x_wconf 91' lang='lat' dir='ltr'>in</span> <span class='ocrx_word' id='word_1_10' title='bbox 1462 650 1502 697; x_wconf 89' lang='lat' dir='ltr'>eo</span> 
     </span>
    </p>

    <p class='ocr_par' dir='ltr' id='par_1_3' title="bbox 369 718 1502 891">
     <span class='ocr_line' id='line_1_3' title="bbox 431 718 1500 802; baseline 0.002 -19"><span class='ocrx_word' id='word_1_11' title='bbox 431 719 671 800; x_wconf 85' lang='lat' dir='ltr'>suspenderetur</span> <span class='ocrx_word' id='word_1_12' title='bbox 700 736 754 781; x_wconf 88' lang='lat' dir='ltr'>rex</span> <span class='ocrx_word' id='word_1_13' title='bbox 781 718 947 799; x_wconf 83' lang='lat' dir='ltr'>Jerusalem</span> <span class='ocrx_word' id='word_1_14' title='bbox 981 719 1041 783; x_wconf 91' lang='lat' dir='ltr'>sub</span> <span class='ocrx_word' id='word_1_15' title='bbox 1076 738 1139 799; x_wconf 91' lang='lat' dir='ltr'>quo</span> <span class='ocrx_word' id='word_1_16' title='bbox 1170 736 1300 801; x_wconf 85' lang='lat' dir='ltr'>regnum</span> <span class='ocrx_word' id='word_1_17' title='bbox 1329 721 1500 802; x_wconf 74' lang='lat' dir='ltr'>iudeorum</span> 
     </span>
     <span class='ocr_line' id='line_1_4' title="bbox 369 806 1502 891; baseline 0.003 -20"><span class='ocrx_word' id='word_1_18' title='bbox 369 807 577 871; x_wconf 74' lang='lat' dir='ltr'>nonodefieeret</span> <span class='ocrx_word' id='word_1_19' title='bbox 598 808 630 869; x_wconf 93' lang='lat' dir='ltr'>in</span> <span class='ocrx_word' id='word_1_20' title='bbox 653 806 721 886; x_wconf 88' lang='lat' dir='ltr'>ejus</span> <span class='ocrx_word' id='word_1_21' title='bbox 743 813 850 885; x_wconf 85' lang='lat' dir='ltr'>morte,</span> <span class='ocrx_word' id='word_1_22' title='bbox 876 808 1039 871; x_wconf 84' lang='lat' dir='ltr'>abscondit</span> <span class='ocrx_word' id='word_1_23' title='bbox 1061 808 1146 887; x_wconf 91' lang='lat' dir='ltr'>illud,</span> <span class='ocrx_word' id='word_1_24' title='bbox 1170 814 1204 873; x_wconf 91' lang='lat' dir='ltr'>ut</span> <span class='ocrx_word' id='word_1_25' title='bbox 1226 810 1257 872; x_wconf 95' lang='lat' dir='ltr'>in</span> <span class='ocrx_word' id='word_1_26' title='bbox 1282 814 1360 873; x_wconf 88' lang='lat' dir='ltr'>terra</span> <span class='ocrx_word' id='word_1_27' title='bbox 1382 814 1502 891; x_wconf 78' lang='lat' dir='ltr'>putres</span> 
     </span>
    </p>

    <p class='ocr_par' dir='ltr' id='par_1_4' title="bbox 432 896 1502 977">
     <span class='ocr_line' id='line_1_5' title="bbox 432 896 1502 977; baseline 0.002 -16"><span class='ocrx_word' id='word_1_28' title='bbox 432 900 513 961; x_wconf 84' lang='lat' dir='ltr'>cenet</span> <span class='ocrx_word' id='word_1_29' title='bbox 533 896 680 977; x_wconf 89' lang='lat' dir='ltr'>sepultus.</span> <span class='ocrx_word' id='word_1_30' title='bbox 727 896 865 974; x_wconf 79' lang='lat' dir='ltr'>Etcum,</span> <span class='ocrx_word' id='word_1_31' title='bbox 896 896 928 959; x_wconf 93' lang='lat' dir='ltr'>in</span> <span class='ocrx_word' id='word_1_32' title='bbox 953 896 1022 961; x_wconf 91' lang='lat' dir='ltr'>loco</span> <span class='ocrx_word' id='word_1_33' title='bbox 1051 898 1199 976; x_wconf 79' lang='lat' dir='ltr'>obierat</span> <span class='ocrx_word' id='word_1_34' title='bbox 1229 898 1316 962; x_wconf 85' lang='lat' dir='ltr'>tieret</span> <span class='ocrx_word' id='word_1_35' title='bbox 1339 900 1502 963; x_wconf 82' lang='lat' dir='ltr'>Probation</span> 
     </span>
    </p>

    <p class='ocr_par' dir='ltr' id='par_1_5' title="bbox 432 984 1503 1067">
     <span class='ocr_line' id='line_1_6' title="bbox 432 984 1503 1067; baseline 0.001 -17"><span class='ocrx_word' id='word_1_36' title='bbox 432 984 557 1066; x_wconf 85' lang='lat' dir='ltr'>piscina,</span> <span class='ocrx_word' id='word_1_37' title='bbox 586 985 810 1066; x_wconf 80' lang='lat' dir='ltr'><strong>superenatavit</strong></span> <span class='ocrx_word' id='word_1_38' title='bbox 836 990 977 1067; x_wconf 90' lang='lat' dir='ltr'>tempore</span> <span class='ocrx_word' id='word_1_39' title='bbox 1001 986 1169 1064; x_wconf 85' lang='lat' dir='ltr'>Passionis;</span> <span class='ocrx_word' id='word_1_40' title='bbox 1200 987 1286 1067; x_wconf 90' lang='lat' dir='ltr'>quod</span> <span class='ocrx_word' id='word_1_41' title='bbox 1311 988 1503 1051; x_wconf 90' lang='lat' dir='ltr'>invenientes</span> 
     </span>
    </p>

    <p class='ocr_par' dir='ltr' id='par_1_6' title="bbox 429 1072 1502 1157">
     <span class='ocr_line' id='line_1_7' title="bbox 429 1072 1502 1157; baseline 0.002 -20"><span class='ocrx_word' id='word_1_42' title='bbox 429 1072 527 1153; x_wconf 87' lang='lat' dir='ltr'>Judei,</span> <span class='ocrx_word' id='word_1_43' title='bbox 557 1092 652 1155; x_wconf 92' lang='lat' dir='ltr'>super</span> <span class='ocrx_word' id='word_1_44' title='bbox 674 1074 823 1138; x_wconf 87' lang='lat' dir='ltr'>humeros</span> <span class='ocrx_word' id='word_1_45' title='bbox 847 1074 977 1139; x_wconf 89' lang='lat' dir='ltr'><strong>Domini</strong></span> <span class='ocrx_word' id='word_1_46' title='bbox 1001 1075 1228 1156; x_wconf 73' lang='lat' dir='ltr'>imposuerunt,</span> <span class='ocrx_word' id='word_1_47' title='bbox 1258 1094 1323 1156; x_wconf 93' lang='lat' dir='ltr'>quo</span> <span class='ocrx_word' id='word_1_48' title='bbox 1346 1076 1502 1157; x_wconf 81' lang='lat' dir='ltr'>bajulante</span> 
     </span>
    </p>

    <p class='ocr_par' dir='ltr' id='par_1_7' title="bbox 369 1162 1501 1333">
     <span class='ocr_line' id='line_1_8' title="bbox 432 1162 1501 1243; baseline 0.004 -18"><span class='ocrx_word' id='word_1_49' title='bbox 432 1180 513 1240; x_wconf 90' lang='lat' dir='ltr'>eum,</span> <span class='ocrx_word' id='word_1_50' title='bbox 545 1180 615 1243; x_wconf 87' lang='lat' dir='ltr'>pars</span> <span class='ocrx_word' id='word_1_51' title='bbox 637 1162 737 1227; x_wconf 84' lang='lat' dir='ltr'>cnrcis</span> <span class='ocrx_word' id='word_1_52' title='bbox 759 1162 799 1226; x_wconf 87' lang='lat' dir='ltr'>de</span> <span class='ocrx_word' id='word_1_53' title='bbox 821 1180 860 1226; x_wconf 91' lang='lat' dir='ltr'>eo</span> <span class='ocrx_word' id='word_1_54' title='bbox 883 1164 959 1227; x_wconf 85' lang='lat' dir='ltr'>tacta</span> <span class='ocrx_word' id='word_1_55' title='bbox 982 1167 1033 1242; x_wconf 90' lang='lat' dir='ltr'>est,</span> <span class='ocrx_word' id='word_1_56' title='bbox 1065 1163 1096 1226; x_wconf 92' lang='lat' dir='ltr'>in</span> <span class='ocrx_word' id='word_1_57' title='bbox 1120 1164 1214 1227; x_wconf 89' lang='lat' dir='ltr'>altum</span> <span class='ocrx_word' id='word_1_58' title='bbox 1238 1170 1344 1229; x_wconf 85' lang='lat' dir='ltr'>erecta.</span> <span class='ocrx_word' id='word_1_59' title='bbox 1391 1165 1501 1243; x_wconf 89' lang='lat' dir='ltr'>Quod,</span> 
     </span>
     <span class='ocr_line' id='line_1_9' title="bbox 369 1250 1005 1333; baseline 0.003 -20"><span class='ocrx_word' id='word_1_60' title='bbox 369 1266 423 1313; x_wconf 81' lang='lat' dir='ltr'>roso</span> <span class='ocrx_word' id='word_1_61' title='bbox 431 1250 457 1314; x_wconf 91' lang='lat' dir='ltr'>si</span> <span class='ocrx_word' id='word_1_62' title='bbox 480 1269 587 1314; x_wconf 86' lang='lat' dir='ltr'>verum</span> <span class='ocrx_word' id='word_1_63' title='bbox 611 1256 664 1329; x_wconf 87' lang='lat' dir='ltr'>est,</span> <span class='ocrx_word' id='word_1_64' title='bbox 688 1251 929 1333; x_wconf 90' lang='lat' dir='ltr'>pulcherrimum</span> <span class='ocrx_word' id='word_1_65' title='bbox 953 1257 1005 1316; x_wconf 90' lang='lat' dir='ltr'>est.</span> 
     </span>
    </p>
   </div>
   <div class='ocr_carea' id='block_1_3' title="bbox 522 1429 1499 1636">
    <p class='ocr_par' dir='ltr' id='par_1_8' title="bbox 522 1429 1499 1636">
     <span class='ocr_line' id='line_1_10' title="bbox 806 1429 1117 1510; baseline 0 -18"><span class='ocrx_word' id='word_1_66' title='bbox 806 1437 858 1493; x_wconf 85' lang='lat'>42.</span> <span class='ocrx_word' id='word_1_67' title='bbox 899 1430 953 1509; x_wconf 62' lang='grc' dir='ltr'>[ε</span> <span class='ocrx_word' id='word_1_68' title='bbox 977 1429 1009 1494; x_wconf 91' lang='lat' dir='ltr'>s.</span> <span class='ocrx_word' id='word_1_69' title='bbox 1033 1430 1117 1510; x_wconf 70' lang='lat' dir='ltr'>nso]</span> 
     </span>
     <span class='ocr_line' id='line_1_11' title="bbox 522 1550 1499 1636; baseline 0.005 -21"><span class='ocrx_word' id='word_1_70' title='bbox 522 1553 594 1617; x_wconf 91' lang='lat' dir='ltr'>ltem</span> <span class='ocrx_word' id='word_1_71' title='bbox 629 1552 669 1617; x_wconf 91' lang='lat' dir='ltr'>de</span> <span class='ocrx_word' id='word_1_72' title='bbox 703 1550 836 1634; x_wconf 88' lang='lat' dir='ltr'>quadam</span> <span class='ocrx_word' id='word_1_73' title='bbox 870 1554 930 1617; x_wconf 85' lang='lat' dir='ltr'>alia</span> <span class='ocrx_word' id='word_1_74' title='bbox 963 1552 1067 1617; x_wconf 90' lang='lat' dir='ltr'>audivi</span> <span class='ocrx_word' id='word_1_75' title='bbox 1104 1554 1230 1635; x_wconf 89' lang='lat' dir='ltr'>[quod],</span> <span class='ocrx_word' id='word_1_76' title='bbox 1265 1573 1336 1618; x_wconf 90' lang='lat' dir='ltr'>cum</span> <span class='ocrx_word' id='word_1_77' title='bbox 1370 1556 1499 1636; x_wconf 91' lang='lat' dir='ltr'>quidam</span> 
     </span>
    </p>
   </div>
   <div class='ocr_carea' id='block_1_4' title="bbox 369 1641 1502 2969">
    <p class='ocr_par' dir='ltr' id='par_1_9' title="bbox 432 1641 1502 1902">
     <span class='ocr_line' id='line_1_12' title="bbox 433 1641 1499 1725; baseline 0.005 -21"><span class='ocrx_word' id='word_1_78' title='bbox 433 1641 590 1723; x_wconf 81' lang='lat' dir='ltr'>impeteret</span> <span class='ocrx_word' id='word_1_79' title='bbox 616 1661 683 1706; x_wconf 91' lang='lat' dir='ltr'>eam</span> <span class='ocrx_word' id='word_1_80' title='bbox 712 1661 768 1723; x_wconf 88' lang='lat' dir='ltr'>pro</span> <span class='ocrx_word' id='word_1_81' title='bbox 796 1643 952 1724; x_wconf 88' lang='lat' dir='ltr'>promisso</span> <span class='ocrx_word' id='word_1_82' title='bbox 981 1642 1093 1723; x_wconf 88' lang='lat' dir='ltr'>precio,</span> <span class='ocrx_word' id='word_1_83' title='bbox 1124 1642 1240 1707; x_wconf 92' lang='lat' dir='ltr'>dimisit</span> <span class='ocrx_word' id='word_1_84' title='bbox 1265 1661 1298 1707; x_wconf 89' lang='lat' dir='ltr'>se</span> <span class='ocrx_word' id='word_1_85' title='bbox 1320 1662 1338 1707; x_wconf 91' lang='lat' dir='ltr'>a</span> <span class='ocrx_word' id='word_1_86' title='bbox 1361 1646 1499 1725; x_wconf 88' lang='lat' dir='ltr'>quodam</span> 
     </span>
     <span class='ocr_line' id='line_1_13' title="bbox 432 1730 1500 1813; baseline 0.005 -20"><span class='ocrx_word' id='word_1_87' title='bbox 432 1731 544 1811; x_wconf 85' lang='lat' dir='ltr'>juvene</span> <span class='ocrx_word' id='word_1_88' title='bbox 567 1730 720 1796; x_wconf 83' lang='lat' dir='ltr'>deflorari.</span> <span class='ocrx_word' id='word_1_89' title='bbox 755 1730 836 1795; x_wconf 88' lang='lat' dir='ltr'>Cum</span> <span class='ocrx_word' id='word_1_90' title='bbox 860 1736 962 1794; x_wconf 91' lang='lat' dir='ltr'>autem</span> <span class='ocrx_word' id='word_1_91' title='bbox 982 1735 1052 1813; x_wconf 92' lang='lat' dir='ltr'>post</span> <span class='ocrx_word' id='word_1_92' title='bbox 1066 1732 1178 1795; x_wconf 87' lang='lat' dir='ltr'>iactum</span> <span class='ocrx_word' id='word_1_93' title='bbox 1195 1737 1318 1813; x_wconf 83' lang='lat' dir='ltr'>negaret</span> <span class='ocrx_word' id='word_1_94' title='bbox 1334 1730 1362 1796; x_wconf 89' lang='lat' dir='ltr'>ei</span> <span class='ocrx_word' id='word_1_95' title='bbox 1377 1734 1500 1813; x_wconf 87' lang='lat' dir='ltr'>juvenis</span> 
     </span>
     <span class='ocr_line' id='line_1_14' title="bbox 433 1819 1502 1902; baseline 0.003 -19"><span class='ocrx_word' id='word_1_96' title='bbox 433 1819 520 1901; x_wconf 88' lang='lat' dir='ltr'>quod</span> <span class='ocrx_word' id='word_1_97' title='bbox 544 1821 732 1902; x_wconf 83' lang='lat' dir='ltr'>promiserat,</span> <span class='ocrx_word' id='word_1_98' title='bbox 756 1821 807 1883; x_wconf 94' lang='lat' dir='ltr'>illa</span> <span class='ocrx_word' id='word_1_99' title='bbox 822 1820 934 1884; x_wconf 95' lang='lat' dir='ltr'>obtulit</span> <span class='ocrx_word' id='word_1_100' title='bbox 949 1820 1114 1885; x_wconf 91' lang='lat' dir='ltr'>clamorem</span> <span class='ocrx_word' id='word_1_101' title='bbox 1137 1820 1232 1901; x_wconf 80' lang='lat' dir='ltr'>iudici</span> <span class='ocrx_word' id='word_1_102' title='bbox 1248 1822 1333 1902; x_wconf 92' lang='lat' dir='ltr'>quod</span> <span class='ocrx_word' id='word_1_103' title='bbox 1350 1822 1502 1887; x_wconf 88' lang='lat' dir='ltr'>violenter</span> 
     </span>
    </p>

    <p class='ocr_par' dir='ltr' id='par_1_10' title="bbox 369 1910 1502 2345">
     <span class='ocr_line' id='line_1_15' title="bbox 369 1910 1502 1992; baseline 0.004 -22"><span class='ocrx_word' id='word_1_104' title='bbox 369 1926 424 1972; x_wconf 81' lang='lat' dir='ltr'>roan</span> <span class='ocrx_word' id='word_1_105' title='bbox 433 1927 500 1973; x_wconf 86' lang='lat' dir='ltr'>cam</span> <span class='ocrx_word' id='word_1_106' title='bbox 525 1914 725 1992; x_wconf 85' lang='lat' dir='ltr'>oppresserat</span> <span class='ocrx_word' id='word_1_107' title='bbox 768 1910 867 1989; x_wconf 88' lang='lat' dir='ltr'>Judex</span> <span class='ocrx_word' id='word_1_108' title='bbox 892 1913 1004 1987; x_wconf 89' lang='lat' dir='ltr'>autem,</span> <span class='ocrx_word' id='word_1_109' title='bbox 1036 1914 1165 1989; x_wconf 86' lang='lat' dir='ltr'>negante</span> <span class='ocrx_word' id='word_1_110' title='bbox 1194 1927 1232 1973; x_wconf 91' lang='lat' dir='ltr'>eo</span> <span class='ocrx_word' id='word_1_111' title='bbox 1264 1910 1349 1991; x_wconf 93' lang='lat' dir='ltr'>quod</span> <span class='ocrx_word' id='word_1_112' title='bbox 1380 1910 1502 1975; x_wconf 85' lang='lat' dir='ltr'>iecisset</span> 
     </span>
     <span class='ocr_line' id='line_1_16' title="bbox 433 1996 1498 2080; baseline 0.004 -20"><span class='ocrx_word' id='word_1_113' title='bbox 433 2016 468 2061; x_wconf 92' lang='lat' dir='ltr'>ea</span> <span class='ocrx_word' id='word_1_114' title='bbox 491 1998 592 2076; x_wconf 88' lang='lat' dir='ltr'>invita,</span> <span class='ocrx_word' id='word_1_115' title='bbox 621 1998 767 2078; x_wconf 88' lang='lat' dir='ltr'>judicavit</span> <span class='ocrx_word' id='word_1_116' title='bbox 789 1998 876 2080; x_wconf 88' lang='lat' dir='ltr'>quod</span> <span class='ocrx_word' id='word_1_117' title='bbox 906 1997 957 2062; x_wconf 93' lang='lat' dir='ltr'>die</span> <span class='ocrx_word' id='word_1_118' title='bbox 986 1996 1137 2079; x_wconf 86' lang='lat' dir='ltr'>assignata</span> <span class='ocrx_word' id='word_1_119' title='bbox 1167 1998 1290 2077; x_wconf 90' lang='lat' dir='ltr'>veniret,</span> <span class='ocrx_word' id='word_1_120' title='bbox 1320 1999 1448 2064; x_wconf 84' lang='lat' dir='ltr'>daturus</span> <span class='ocrx_word' id='word_1_121' title='bbox 1471 2002 1498 2064; x_wconf 89' lang='lat' dir='ltr'>ei</span> 
     </span>
     <span class='ocr_line' id='line_1_17' title="bbox 433 2086 1499 2168; baseline 0.003 -19"><span class='ocrx_word' id='word_1_122' title='bbox 433 2087 589 2167; x_wconf 86' lang='lat' dir='ltr'>quandam</span> <span class='ocrx_word' id='word_1_123' title='bbox 613 2105 766 2151; x_wconf 90' lang='lat' dir='ltr'>summam</span> <span class='ocrx_word' id='word_1_124' title='bbox 790 2087 928 2168; x_wconf 85' lang='lat' dir='ltr'>pecunie,</span> <span class='ocrx_word' id='word_1_125' title='bbox 958 2086 1006 2150; x_wconf 91' lang='lat' dir='ltr'>vel</span> <span class='ocrx_word' id='word_1_126' title='bbox 1029 2105 1097 2150; x_wconf 88' lang='lat' dir='ltr'>eam</span> <span class='ocrx_word' id='word_1_127' title='bbox 1120 2088 1267 2167; x_wconf 91' lang='lat' dir='ltr'>acciperet</span> <span class='ocrx_word' id='word_1_128' title='bbox 1297 2088 1328 2150; x_wconf 94' lang='lat' dir='ltr'>in</span> <span class='ocrx_word' id='word_1_129' title='bbox 1359 2106 1499 2152; x_wconf 87' lang='lat' dir='ltr'>uxorem.</span> 
     </span>
     <span class='ocr_line' id='line_1_18' title="bbox 429 2174 1499 2257; baseline 0.003 -19"><span class='ocrx_word' id='word_1_130' title='bbox 429 2176 555 2255; x_wconf 86' lang='lat' dir='ltr'>Juvenis</span> <span class='ocrx_word' id='word_1_131' title='bbox 585 2181 695 2255; x_wconf 90' lang='lat' dir='ltr'>autem,</span> <span class='ocrx_word' id='word_1_132' title='bbox 730 2176 828 2257; x_wconf 86' lang='lat' dir='ltr'>magis</span> <span class='ocrx_word' id='word_1_133' title='bbox 859 2177 977 2257; x_wconf 89' lang='lat' dir='ltr'>eligens</span> <span class='ocrx_word' id='word_1_134' title='bbox 1007 2174 1079 2239; x_wconf 89' lang='lat' dir='ltr'>dare</span> <span class='ocrx_word' id='word_1_135' title='bbox 1109 2176 1280 2256; x_wconf 90' lang='lat' dir='ltr'>pecuniam,</span> <span class='ocrx_word' id='word_1_136' title='bbox 1316 2176 1343 2239; x_wconf 90' lang='lat' dir='ltr'>ei</span> <span class='ocrx_word' id='word_1_137' title='bbox 1367 2176 1499 2241; x_wconf 89' lang='lat' dir='ltr'>tradidit.</span> 
     </span>
     <span class='ocr_line' id='line_1_19' title="bbox 433 2264 1501 2345; baseline 0.003 -18"><span class='ocrx_word' id='word_1_138' title='bbox 433 2264 515 2327; x_wconf 88' lang='lat' dir='ltr'>Cum</span> <span class='ocrx_word' id='word_1_139' title='bbox 538 2269 639 2328; x_wconf 88' lang='lat' dir='ltr'>autem</span> <span class='ocrx_word' id='word_1_140' title='bbox 663 2266 714 2328; x_wconf 83' lang='lat' dir='ltr'>illa</span> <span class='ocrx_word' id='word_1_141' title='bbox 737 2266 769 2328; x_wconf 91' lang='lat' dir='ltr'>in</span> <span class='ocrx_word' id='word_1_142' title='bbox 792 2264 862 2328; x_wconf 91' lang='lat' dir='ltr'>sinu</span> <span class='ocrx_word' id='word_1_143' title='bbox 885 2283 944 2329; x_wconf 92' lang='lat' dir='ltr'>suo</span> <span class='ocrx_word' id='word_1_144' title='bbox 968 2264 1120 2345; x_wconf 88' lang='lat' dir='ltr'>posuisset</span> <span class='ocrx_word' id='word_1_145' title='bbox 1134 2282 1200 2327; x_wconf 90' lang='lat' dir='ltr'>eam</span> <span class='ocrx_word' id='word_1_146' title='bbox 1225 2270 1254 2328; x_wconf 91' lang='lat' dir='ltr'>et</span> <span class='ocrx_word' id='word_1_147' title='bbox 1276 2266 1435 2344; x_wconf 84' lang='lat' dir='ltr'>recederet,</span> <span class='ocrx_word' id='word_1_148' title='bbox 1459 2268 1501 2330; x_wconf 91' lang='lat' dir='ltr'>ait</span> 
     </span>
    </p>

    <p class='ocr_par' dir='ltr' id='par_1_11' title="bbox 369 2353 1499 2790">
     <span class='ocr_line' id='line_1_20' title="bbox 369 2353 1498 2435; baseline 0.004 -22"><span class='ocrx_word' id='word_1_149' title='bbox 369 2368 424 2414; x_wconf 78' lang='lat' dir='ltr'>rouo</span> <span class='ocrx_word' id='word_1_150' title='bbox 432 2353 537 2432; x_wconf 90' lang='lat' dir='ltr'>juveni</span> <span class='ocrx_word' id='word_1_151' title='bbox 564 2353 659 2433; x_wconf 86' lang='lat' dir='ltr'>judex</span> <span class='ocrx_word' id='word_1_152' title='bbox 683 2359 716 2417; x_wconf 90' lang='lat' dir='ltr'>ut</span> <span class='ocrx_word' id='word_1_153' title='bbox 742 2354 798 2416; x_wconf 91' lang='lat' dir='ltr'>iret</span> <span class='ocrx_word' id='word_1_154' title='bbox 827 2359 898 2435; x_wconf 89' lang='lat' dir='ltr'>post</span> <span class='ocrx_word' id='word_1_155' title='bbox 920 2372 987 2417; x_wconf 91' lang='lat' dir='ltr'>eam</span> <span class='ocrx_word' id='word_1_156' title='bbox 1011 2354 1089 2417; x_wconf 90' lang='lat' dir='ltr'>etei</span> <span class='ocrx_word' id='word_1_157' title='bbox 1113 2372 1179 2417; x_wconf 91' lang='lat' dir='ltr'>eam</span> <span class='ocrx_word' id='word_1_158' title='bbox 1202 2354 1340 2433; x_wconf 80' lang='lat' dir='ltr'>auferret,</span> <span class='ocrx_word' id='word_1_159' title='bbox 1370 2359 1400 2418; x_wconf 90' lang='lat' dir='ltr'>et</span> <span class='ocrx_word' id='word_1_160' title='bbox 1421 2374 1498 2433; x_wconf 86' lang='lat' dir='ltr'>eam,</span> 
     </span>
     <span class='ocr_line' id='line_1_21' title="bbox 432 2442 1499 2524; baseline 0.003 -20"><span class='ocrx_word' id='word_1_161' title='bbox 432 2442 457 2504; x_wconf 91' lang='lat' dir='ltr'>si</span> <span class='ocrx_word' id='word_1_162' title='bbox 482 2446 593 2522; x_wconf 91' lang='lat' dir='ltr'>posset,</span> <span class='ocrx_word' id='word_1_163' title='bbox 617 2448 820 2523; x_wconf 72' lang='lat' dir='ltr'>recuperaret,</span> <span class='ocrx_word' id='word_1_164' title='bbox 844 2461 939 2522; x_wconf 86' lang='lat' dir='ltr'>quam</span> <span class='ocrx_word' id='word_1_165' title='bbox 962 2447 1027 2505; x_wconf 90' lang='lat' dir='ltr'>totu</span> <span class='ocrx_word' id='word_1_166' title='bbox 1044 2446 1154 2505; x_wconf 92' lang='lat' dir='ltr'>conatu</span> <span class='ocrx_word' id='word_1_167' title='bbox 1177 2460 1236 2506; x_wconf 90' lang='lat' dir='ltr'>suo</span> <span class='ocrx_word' id='word_1_168' title='bbox 1260 2460 1324 2506; x_wconf 91' lang='lat' dir='ltr'>non</span> <span class='ocrx_word' id='word_1_169' title='bbox 1348 2444 1449 2524; x_wconf 90' lang='lat' dir='ltr'>potuit</span> <span class='ocrx_word' id='word_1_170' title='bbox 1470 2446 1499 2507; x_wconf 90' lang='lat' dir='ltr'>ei</span> 
     </span>
     <span class='ocr_line' id='line_1_22' title="bbox 431 2530 1499 2611; baseline 0.004 -19"><span class='ocrx_word' id='word_1_171' title='bbox 431 2530 563 2593; x_wconf 86' lang='lat' dir='ltr'>auferre:</span> <span class='ocrx_word' id='word_1_172' title='bbox 586 2531 665 2595; x_wconf 93' lang='lat' dir='ltr'>adeo</span> <span class='ocrx_word' id='word_1_173' title='bbox 688 2549 721 2594; x_wconf 93' lang='lat' dir='ltr'>se</span> <span class='ocrx_word' id='word_1_174' title='bbox 744 2530 889 2608; x_wconf 84' lang='lat' dir='ltr'>defendit,</span> <span class='ocrx_word' id='word_1_175' title='bbox 913 2531 1000 2611; x_wconf 90' lang='lat' dir='ltr'>quod</span> <span class='ocrx_word' id='word_1_176' title='bbox 1021 2531 1063 2593; x_wconf 93' lang='lat' dir='ltr'>nil</span> <span class='ocrx_word' id='word_1_177' title='bbox 1080 2531 1174 2595; x_wconf 87' lang='lat' dir='ltr'>valuit</span> <span class='ocrx_word' id='word_1_178' title='bbox 1194 2532 1308 2611; x_wconf 89' lang='lat' dir='ltr'>juveni,</span> <span class='ocrx_word' id='word_1_179' title='bbox 1331 2532 1394 2609; x_wconf 90' lang='lat' dir='ltr'>sed,</span> <span class='ocrx_word' id='word_1_180' title='bbox 1419 2534 1499 2597; x_wconf 91' lang='lat' dir='ltr'>male</span> 
     </span>
     <span class='ocr_line' id='line_1_23' title="bbox 432 2619 1497 2700; baseline 0.004 -19"><span class='ocrx_word' id='word_1_181' title='bbox 432 2622 573 2683; x_wconf 87' lang='lat' dir='ltr'>tractatus</span> <span class='ocrx_word' id='word_1_182' title='bbox 598 2620 638 2683; x_wconf 89' lang='lat' dir='ltr'>ab</span> <span class='ocrx_word' id='word_1_183' title='bbox 662 2638 705 2698; x_wconf 86' lang='lat' dir='ltr'>ea,</span> <span class='ocrx_word' id='word_1_184' title='bbox 736 2620 824 2683; x_wconf 89' lang='lat' dir='ltr'>rediit</span> <span class='ocrx_word' id='word_1_185' title='bbox 851 2619 890 2682; x_wconf 92' lang='lat' dir='ltr'>ad</span> <span class='ocrx_word' id='word_1_186' title='bbox 920 2620 1065 2699; x_wconf 79' lang='lat' dir='ltr'>iudicem.</span> <span class='ocrx_word' id='word_1_187' title='bbox 1108 2620 1213 2700; x_wconf 85' lang='lat' dir='ltr'>Judex,</span> <span class='ocrx_word' id='word_1_188' title='bbox 1243 2639 1311 2683; x_wconf 91' lang='lat' dir='ltr'>eam</span> <span class='ocrx_word' id='word_1_189' title='bbox 1342 2639 1497 2699; x_wconf 92' lang='lat' dir='ltr'>revocans,</span> 
     </span>
     <span class='ocr_line' id='line_1_24' title="bbox 431 2708 1496 2790; baseline 0.002 -19"><span class='ocrx_word' id='word_1_190' title='bbox 431 2708 503 2772; x_wconf 89' lang='lat' dir='ltr'>iecit</span> <span class='ocrx_word' id='word_1_191' title='bbox 525 2709 685 2790; x_wconf 88' lang='lat' dir='ltr'>pecuniam</span> <span class='ocrx_word' id='word_1_192' title='bbox 709 2709 768 2772; x_wconf 92' lang='lat' dir='ltr'>sibi</span> <span class='ocrx_word' id='word_1_193' title='bbox 792 2708 888 2787; x_wconf 91' lang='lat' dir='ltr'>reddi,</span> <span class='ocrx_word' id='word_1_194' title='bbox 918 2708 1022 2787; x_wconf 79' lang='lat' dir='ltr'>iuveni</span> <span class='ocrx_word' id='word_1_195' title='bbox 1046 2708 1152 2773; x_wconf 90' lang='lat' dir='ltr'>dicens</span> <span class='ocrx_word' id='word_1_196' title='bbox 1174 2709 1260 2789; x_wconf 93' lang='lat' dir='ltr'>quod</span> <span class='ocrx_word' id='word_1_197' title='bbox 1289 2711 1409 2790; x_wconf 87' lang='lat' dir='ltr'>patebat</span> <span class='ocrx_word' id='word_1_198' title='bbox 1429 2728 1496 2774; x_wconf 87' lang='lat' dir='ltr'>eam</span> 
     </span>
    </p>

    <p class='ocr_par' dir='ltr' id='par_1_12' title="bbox 370 2798 1500 2969">
     <span class='ocr_line' id='line_1_25' title="bbox 370 2798 1500 2879; baseline 0.003 -20"><span class='ocrx_word' id='word_1_199' title='bbox 370 2813 425 2860; x_wconf 83' lang='lat' dir='ltr'>ruo</span> <span class='ocrx_word' id='word_1_200' title='bbox 434 2799 599 2876; x_wconf 81' lang='lat' dir='ltr'>mentitam,</span> <span class='ocrx_word' id='word_1_201' title='bbox 634 2799 715 2879; x_wconf 90' lang='lat' dir='ltr'>quia,</span> <span class='ocrx_word' id='word_1_202' title='bbox 749 2798 774 2862; x_wconf 94' lang='lat' dir='ltr'>si</span> <span class='ocrx_word' id='word_1_203' title='bbox 805 2798 850 2861; x_wconf 91' lang='lat' dir='ltr'>sic</span> <span class='ocrx_word' id='word_1_204' title='bbox 878 2802 1027 2861; x_wconf 88' lang='lat' dir='ltr'>servasset</span> <span class='ocrx_word' id='word_1_205' title='bbox 1053 2798 1233 2878; x_wconf 86' lang='lat' dir='ltr'>virginitatis</span> <span class='ocrx_word' id='word_1_206' title='bbox 1261 2798 1437 2862; x_wconf 90' lang='lat' dir='ltr'>thesaurum</span> <span class='ocrx_word' id='word_1_207' title='bbox 1466 2805 1500 2862; x_wconf 90' lang='lat' dir='ltr'>ut</span> 
     </span>
     <span class='ocr_line' id='line_1_26' title="bbox 433 2887 1107 2969; baseline -0.003 -18"><span class='ocrx_word' id='word_1_208' title='bbox 433 2888 603 2969; x_wconf 91' lang='lat' dir='ltr'>pecuniam,</span> <span class='ocrx_word' id='word_1_209' title='bbox 628 2906 787 2968; x_wconf 92' lang='lat' dir='ltr'>nunquam</span> <span class='ocrx_word' id='word_1_210' title='bbox 810 2892 890 2951; x_wconf 89' lang='lat' dir='ltr'>esset</span> <span class='ocrx_word' id='word_1_211' title='bbox 913 2887 940 2950; x_wconf 89' lang='lat' dir='ltr'>ei</span> <span class='ocrx_word' id='word_1_212' title='bbox 963 2887 1107 2950; x_wconf 91' lang='lat' dir='ltr'>ablatum.</span> 
     </span>
    </p>
   </div>
   <div class='ocr_carea' id='block_1_5' title="bbox 807 3084 1117 3165">
    <p class='ocr_par' dir='ltr' id='par_1_13' title="bbox 807 3084 1117 3165">
     <span class='ocr_line' id='line_1_27' title="bbox 807 3084 1117 3165; baseline -0.003 -16"><span class='ocrx_word' id='word_1_213' title='bbox 807 3091 858 3149; x_wconf 80' lang='lat'>43.</span> <span class='ocrx_word' id='word_1_214' title='bbox 899 3085 952 3165; x_wconf 59' lang='grc' dir='ltr'>[ε</span> <span class='ocrx_word' id='word_1_215' title='bbox 977 3084 1007 3149; x_wconf 84' lang='lat' dir='ltr'>s</span> <span class='ocrx_word' id='word_1_216' title='bbox 1033 3084 1117 3165; x_wconf 76' lang='lat' dir='ltr'>ma]</span> 
     </span>
    </p>
   </div>
   <div class='ocr_carea' id='block_1_6' title="bbox 369 3208 1500 4003">
    <p class='ocr_par' dir='ltr' id='par_1_14' title="bbox 523 3208 1497 3289">
     <span class='ocr_line' id='line_1_28' title="bbox 523 3208 1497 3289; baseline -0.002 -16"><span class='ocrx_word' id='word_1_217' title='bbox 523 3212 594 3273; x_wconf 93' lang='lat' dir='ltr'>ltem</span> <span class='ocrx_word' id='word_1_218' title='bbox 625 3210 665 3272; x_wconf 90' lang='lat' dir='ltr'>ad</span> <span class='ocrx_word' id='word_1_219' title='bbox 695 3210 756 3273; x_wconf 89' lang='lat' dir='ltr'>hoc</span> <span class='ocrx_word' id='word_1_220' title='bbox 787 3209 878 3289; x_wconf 84' lang='lat' dir='ltr'>[iacit]</span> <span class='ocrx_word' id='word_1_221' title='bbox 911 3208 997 3289; x_wconf 88' lang='lat' dir='ltr'>quod</span> <span class='ocrx_word' id='word_1_222' title='bbox 1032 3208 1143 3289; x_wconf 91' lang='lat' dir='ltr'>legitur</span> <span class='ocrx_word' id='word_1_223' title='bbox 1173 3208 1204 3270; x_wconf 94' lang='lat' dir='ltr'>in</span> <span class='ocrx_word' id='word_1_224' title='bbox 1235 3208 1375 3286; x_wconf 74' lang='lat' dir='ltr'>cronicis</span> <span class='ocrx_word' id='word_1_225' title='bbox 1410 3208 1497 3287; x_wconf 90' lang='lat' dir='ltr'>quod</span> 
     </span>
    </p>

    <p class='ocr_par' dir='ltr' id='par_1_15' title="bbox 432 3297 1497 3379">
     <span class='ocr_line' id='line_1_29' title="bbox 432 3297 1497 3379; baseline -0.003 -16"><span class='ocrx_word' id='word_1_226' title='bbox 432 3300 512 3363; x_wconf 89' lang='lat' dir='ltr'>circa</span> <span class='ocrx_word' id='word_1_227' title='bbox 540 3304 660 3379; x_wconf 89' lang='lat' dir='ltr'>raptum</span> <span class='ocrx_word' id='word_1_228' title='bbox 686 3299 804 3361; x_wconf 83' lang='lat' dir='ltr'>Helene</span> <span class='ocrx_word' id='word_1_229' title='bbox 828 3299 986 3361; x_wconf 84' lang='lat' dir='ltr'>Homerus</span> <span class='ocrx_word' id='word_1_230' title='bbox 1016 3302 1106 3379; x_wconf 89' lang='lat' dir='ltr'>poeta</span> <span class='ocrx_word' id='word_1_231' title='bbox 1132 3297 1244 3375; x_wconf 83' lang='lat' dir='ltr'>floruit,</span> <span class='ocrx_word' id='word_1_232' title='bbox 1276 3297 1338 3376; x_wconf 91' lang='lat' dir='ltr'>qui,</span> <span class='ocrx_word' id='word_1_233' title='bbox 1370 3315 1441 3360; x_wconf 93' lang='lat' dir='ltr'>cum</span> <span class='ocrx_word' id='word_1_234' title='bbox 1465 3297 1497 3360; x_wconf 93' lang='lat' dir='ltr'>in</span> 
     </span>
    </p>

    <p class='ocr_par' dir='ltr' id='par_1_16' title="bbox 433 3386 1499 3467">
     <span class='ocr_line' id='line_1_30' title="bbox 433 3386 1499 3467; baseline -0.002 -16"><span class='ocrx_word' id='word_1_235' title='bbox 433 3388 538 3452; x_wconf 89' lang='lat' dir='ltr'>habitu</span> <span class='ocrx_word' id='word_1_236' title='bbox 569 3388 620 3451; x_wconf 90' lang='lat' dir='ltr'>vili</span> <span class='ocrx_word' id='word_1_237' title='bbox 653 3387 742 3450; x_wconf 91' lang='lat' dir='ltr'>vellet</span> <span class='ocrx_word' id='word_1_238' title='bbox 772 3388 883 3450; x_wconf 89' lang='lat' dir='ltr'>intrare</span> <span class='ocrx_word' id='word_1_239' title='bbox 914 3387 997 3467; x_wconf 90' lang='lat' dir='ltr'>apud</span> <span class='ocrx_word' id='word_1_240' title='bbox 1020 3386 1155 3449; x_wconf 77' lang='lat' dir='ltr'>Athenas</span> <span class='ocrx_word' id='word_1_241' title='bbox 1185 3386 1300 3449; x_wconf 89' lang='lat' dir='ltr'>curiam</span> <span class='ocrx_word' id='word_1_242' title='bbox 1333 3386 1422 3465; x_wconf 88' lang='lat' dir='ltr'>regis,</span> <span class='ocrx_word' id='word_1_243' title='bbox 1453 3391 1499 3449; x_wconf 88' lang='lat' dir='ltr'>est</span> 
     </span>
    </p>

    <p class='ocr_par' dir='ltr' id='par_1_17' title="bbox 369 3474 1498 3557">
     <span class='ocr_line' id='line_1_31' title="bbox 369 3474 1498 3557; baseline -0.005 -14"><span class='ocrx_word' id='word_1_244' title='bbox 369 3476 621 3557; x_wconf 78' lang='lat' dir='ltr'>1ooprohibitus;</span> <span class='ocrx_word' id='word_1_245' title='bbox 656 3477 723 3556; x_wconf 90' lang='lat' dir='ltr'>qui,</span> <span class='ocrx_word' id='word_1_246' title='bbox 757 3480 882 3555; x_wconf 89' lang='lat' dir='ltr'>sumpto</span> <span class='ocrx_word' id='word_1_247' title='bbox 917 3475 1058 3556; x_wconf 87' lang='lat' dir='ltr'>precioso</span> <span class='ocrx_word' id='word_1_248' title='bbox 1088 3476 1202 3553; x_wconf 90' lang='lat' dir='ltr'>habitu,</span> <span class='ocrx_word' id='word_1_249' title='bbox 1236 3474 1334 3537; x_wconf 86' lang='lat' dir='ltr'>statim</span> <span class='ocrx_word' id='word_1_250' title='bbox 1370 3474 1498 3552; x_wconf 90' lang='lat' dir='ltr'>intravit,</span> 
     </span>
    </p>

    <p class='ocr_par' dir='ltr' id='par_1_18' title="bbox 433 3563 1498 3645">
     <span class='ocr_line' id='line_1_32' title="bbox 433 3563 1498 3645; baseline -0.001 -18"><span class='ocrx_word' id='word_1_251' title='bbox 433 3565 605 3628; x_wconf 84' lang='lat' dir='ltr'>honorifice</span> <span class='ocrx_word' id='word_1_252' title='bbox 628 3568 775 3645; x_wconf 90' lang='lat' dir='ltr'>receptus,</span> <span class='ocrx_word' id='word_1_253' title='bbox 808 3564 858 3644; x_wconf 86' lang='lat' dir='ltr'>[et]</span> <span class='ocrx_word' id='word_1_254' title='bbox 883 3564 1017 3645; x_wconf 92' lang='lat' dir='ltr'>optinuit</span> <span class='ocrx_word' id='word_1_255' title='bbox 1039 3564 1187 3645; x_wconf 89' lang='lat' dir='ltr'>quicquid</span> <span class='ocrx_word' id='word_1_256' title='bbox 1218 3564 1334 3644; x_wconf 89' lang='lat' dir='ltr'>petivit;</span> <span class='ocrx_word' id='word_1_257' title='bbox 1365 3563 1427 3642; x_wconf 87' lang='lat' dir='ltr'>qui,</span> <span class='ocrx_word' id='word_1_258' title='bbox 1457 3564 1498 3626; x_wconf 91' lang='lat' dir='ltr'>ad</span> 
     </span>
    </p>

    <p class='ocr_par' dir='ltr' id='par_1_19' title="bbox 433 3652 1498 3733">
     <span class='ocr_line' id='line_1_33' title="bbox 433 3652 1498 3733; baseline -0.003 -16"><span class='ocrx_word' id='word_1_259' title='bbox 433 3654 648 3717; x_wconf 85' lang='lat' dir='ltr'>contusionem</span> <span class='ocrx_word' id='word_1_260' title='bbox 672 3653 753 3732; x_wconf 87' lang='lat' dir='ltr'>regis</span> <span class='ocrx_word' id='word_1_261' title='bbox 776 3658 805 3715; x_wconf 88' lang='lat' dir='ltr'>et</span> <span class='ocrx_word' id='word_1_262' title='bbox 826 3669 965 3731; x_wconf 91' lang='lat' dir='ltr'>suorum,</span> <span class='ocrx_word' id='word_1_263' title='bbox 988 3658 1086 3717; x_wconf 92' lang='lat' dir='ltr'>vestes</span> <span class='ocrx_word' id='word_1_264' title='bbox 1102 3654 1255 3733; x_wconf 85' lang='lat' dir='ltr'>preciosas</span> <span class='ocrx_word' id='word_1_265' title='bbox 1278 3670 1380 3715; x_wconf 88' lang='lat' dir='ltr'>coram</span> <span class='ocrx_word' id='word_1_266' title='bbox 1397 3652 1498 3715; x_wconf 90' lang='lat' dir='ltr'>omni-</span> 
     </span>
    </p>

    <p class='ocr_par' dir='ltr' id='par_1_20' title="bbox 434 3740 1500 3821">
     <span class='ocr_line' id='line_1_34' title="bbox 434 3740 1500 3821; baseline -0.001 -16"><span class='ocrx_word' id='word_1_267' title='bbox 434 3742 493 3805; x_wconf 92' lang='lat' dir='ltr'>bus</span> <span class='ocrx_word' id='word_1_268' title='bbox 515 3742 606 3818; x_wconf 86' lang='lat' dir='ltr'>exuit,</span> <span class='ocrx_word' id='word_1_269' title='bbox 629 3746 659 3803; x_wconf 90' lang='lat' dir='ltr'>et</span> <span class='ocrx_word' id='word_1_270' title='bbox 681 3759 732 3803; x_wconf 91' lang='lat' dir='ltr'>eas</span> <span class='ocrx_word' id='word_1_271' title='bbox 755 3740 919 3805; x_wconf 90' lang='lat' dir='ltr'>honoravit</span> <span class='ocrx_word' id='word_1_272' title='bbox 941 3746 970 3804; x_wconf 92' lang='lat' dir='ltr'>et</span> <span class='ocrx_word' id='word_1_273' title='bbox 991 3740 1136 3819; x_wconf 88' lang='lat' dir='ltr'>adoravit,</span> <span class='ocrx_word' id='word_1_274' title='bbox 1160 3741 1276 3821; x_wconf 86' lang='lat' dir='ltr'>gracias</span> <span class='ocrx_word' id='word_1_275' title='bbox 1298 3742 1342 3803; x_wconf 89' lang='lat' dir='ltr'>eis</span> <span class='ocrx_word' id='word_1_276' title='bbox 1365 3740 1500 3804; x_wconf 88' lang='lat' dir='ltr'>referens</span> 
     </span>
    </p>

    <p class='ocr_par' dir='ltr' id='par_1_21' title="bbox 369 3829 1499 4003">
     <span class='ocr_line' id='line_1_35' title="bbox 433 3829 1499 3911; baseline -0.004 -16"><span class='ocrx_word' id='word_1_277' title='bbox 433 3831 472 3895; x_wconf 91' lang='lat' dir='ltr'>de</span> <span class='ocrx_word' id='word_1_278' title='bbox 494 3830 630 3908; x_wconf 91' lang='lat' dir='ltr'>obtento,</span> <span class='ocrx_word' id='word_1_279' title='bbox 654 3848 715 3909; x_wconf 91' lang='lat' dir='ltr'>que</span> <span class='ocrx_word' id='word_1_280' title='bbox 738 3829 899 3893; x_wconf 91' lang='lat' dir='ltr'>voluerant</span> <span class='ocrx_word' id='word_1_281' title='bbox 921 3830 1004 3911; x_wconf 92' lang='lat' dir='ltr'>apud</span> <span class='ocrx_word' id='word_1_282' title='bbox 1028 3848 1131 3909; x_wconf 85' lang='lat' dir='ltr'>regem</span> <span class='ocrx_word' id='word_1_283' title='bbox 1162 3830 1249 3909; x_wconf 91' lang='lat' dir='ltr'>quod</span> <span class='ocrx_word' id='word_1_284' title='bbox 1277 3846 1340 3893; x_wconf 94' lang='lat' dir='ltr'>non</span> <span class='ocrx_word' id='word_1_285' title='bbox 1364 3829 1499 3892; x_wconf 88' lang='lat' dir='ltr'>valuerat</span> 
     </span>
     <span class='ocr_line' id='line_1_36' title="bbox 369 3918 970 4003; baseline -0.013 -17"><span class='ocrx_word' id='word_1_286' title='bbox 369 3918 584 4003; x_wconf 80' lang='lat' dir='ltr'>ronosapiencia</span> <span class='ocrx_word' id='word_1_287' title='bbox 605 3922 657 3982; x_wconf 91' lang='lat' dir='ltr'>aut</span> <span class='ocrx_word' id='word_1_288' title='bbox 680 3918 801 3982; x_wconf 91' lang='lat' dir='ltr'>bonitas</span> <span class='ocrx_word' id='word_1_289' title='bbox 824 3918 970 3998; x_wconf 90' lang='lat' dir='ltr'>optinere.</span> 
     </span>
    </p>
   </div>
   <div class='ocr_carea' id='block_1_7' title="bbox 0 0 1796 4884">
    <p class='ocr_par' dir='ltr' id='par_1_22' title="bbox 0 0 1796 4884">
     <span class='ocr_line' id='line_1_37' title="bbox 0 0 1796 4884; baseline 0 0"><span class='ocrx_word' id='word_1_290' title='bbox 0 0 1796 4884; x_wconf 95' lang='lat' dir='ltr'> </span> 
     </span>
    </p>
   </div>
  </div>
 </body>
</html>
