3584 4884
704 468 926 524 ..33-

278 637 386 700 divina
408 638 514 700 audiui
538 642 568 700 et
591 656 661 700 cum
686 643 779 701 matre
795 639 896 702 locuta
910 638 984 701 tui.a
1033 638 1083 701 nir
1105 638 1206 702 miles:
1234 639 1347 703 „Michi

279 727 362 788 bene
393 726 489 806 placet
519 731 553 788 ut
584 727 669 790 omni
700 727 751 790 die
781 727 820 790 de
843 746 934 790 mane
958 728 1060 807 primo
1084 745 1194 806 queras
1217 745 1348 806 regnum

278 815 363 878 dei.u
403 815 476 878 Post
498 815 558 879 boc
581 815 640 879 cito
664 816 752 879 miles
773 816 812 878 ad
837 815 1025 894 uenandum,
1047 816 1126 879 sicut
1147 817 1256 879 solitus
1278 821 1348 893 erat,

279 903 422 984 perrexit.
480 905 617 966 Domina
648 923 721 968 vero
753 904 829 968 dixit
860 905 1015 968 ortulano:
1053 905 1245 982 „Karissime
1280 923 1349 968 ecce

225 1013 265 1058 oro
280 997 406 1070 ventus;
440 997 470 1054 et
502 993 649 1056 dominus
683 1011 774 1056 meus
804 995 835 1056 in
870 992 1005 1056 aduentu
1035 1011 1094 1057 suo
1124 993 1255 1073 frigidus
1285 995 1349 1056 erit

281 1081 397 1144 Ortum
423 1081 571 1144 intremus
594 1086 623 1144 et
649 1082 752 1162 aliqua
774 1083 857 1162 ligna
879 1082 1011 1159 succide,
1041 1100 1180 1163 perque
1203 1083 1350 1146 dominus

281 1188 371 1232 meus
395 1170 526 1232 calefieri
550 1170 680 1250 possit!u
729 1171 793 1245 Qui
816 1171 868 1234 ait:
895 1172 1038 1236 „bonum
1059 1176 1131 1234 esta
1180 1171 1350 1234 Ortulanus

280 1258 416 1322 securim
449 1259 570 1340 accepit,
600 1263 701 1322 ortum
732 1261 861 1336 intrauit,
892 1260 1021 1324 domina
1051 1261 1243 1340 sequebatur,
1278 1261 1351 1322 lrinc

281 1347 356 1410 inde
384 1347 542 1426 superflua
573 1348 728 1428 lignorum
760 1349 888 1428 collegit,
917 1348 1019 1412 donec
1040 1348 1079 1412 ad
1102 1349 1243 1413 arborem
1267 1349 1350 1411 illam

228 1436 375 1512 cnvenit,
401 1454 493 1515 quam
518 1437 606 1500 miles
628 1441 744 1500 tantum
768 1438 880 1500 dilexit
929 1438 1014 1500 Dixit
1042 1438 1170 1501 domina
1193 1438 1350 1501 ortulano:

285 1525 460 1589 „Arborem
485 1525 571 1588 istam
595 1527 716 1590 nouiter
731 1527 894 1607 plantatam
910 1526 1068 1590 succide!a
1092 1527 1134 1589 ‘nt
1155 1526 1219 1590 ille:
1245 1526 1352 1591 „absit

280 1633 298 1676 a
322 1631 374 1676 me
399 1613 459 1676 hoc
481 1617 666 1694 perpetrare!
713 1617 793 1678 Nam
817 1615 965 1679 dominus
988 1634 1076 1679 meus
1098 1616 1185 1679 istam
1208 1615 1350 1678 arborem

281 1702 355 1782 plus
378 1701 478 1781 diligit
509 1703 566 1782 (Bi.
587 1699 696 1788 tSSr.)
728 1723 821 1784 quam
852 1722 962 1767 omnes
992 1705 1023 1767 in
1054 1709 1123 1768 orto
1153 1708 1348 1768 crescentes.‘¹

282 1791 336 1853 llla
360 1791 422 1854 hoc
444 1790 572 1854 audiens
594 1793 724 1855 securim
741 1793 781 1856 de
797 1794 941 1857 manibus
956 1794 1022 1857 eius
1037 1794 1151 1874 accepit
1165 1797 1195 1856 et
1208 1793 1351 1856 arborem

228 1898 268 1943 oso
282 1879 416 1943 totaliter
438 1881 566 1943 succidit
589 1885 618 1943 et
639 1881 717 1944 inter
739 1886 836 1944 cetera
851 1882 936 1961 ligna
951 1881 982 1945 in
999 1883 1103 1962 ignem
1119 1882 1230 1962 posuit
1266 1883 1353 1944 Hora

281 1969 459 2048 vespertina
481 1969 568 2032 miles
591 1969 631 2032 de
653 1971 820 2034 venacione
842 1972 926 2034 venit
947 1972 1078 2034 totaliter
1099 1971 1239 2050 frigidus.
1286 1971 1353 2032 Do

281 2057 369 2119 mina
400 2075 474 2120 vero
503 2059 531 2121 ei
562 2059 688 2122 obuiam
720 2060 851 2140 perrexit
880 2064 911 2122 et
940 2060 1115 2123 kathedram
1144 2060 1225 2122 iuxta
1248 2059 1351 2139 ignem

281 2147 397 2226 posuit,
421 2146 453 2207 in
477 2165 632 2226 quaeum
656 2147 815 2212 collocavit
830 2147 868 2211 ad
886 2149 1133 2212 calefaciendum.
1179 2148 1262 2211 Cum
1277 2166 1352 2211 vero

281 2235 472 2315 pernoram
496 2235 623 2299 sedisset
645 2242 674 2299 et
696 2236 855 2300 calefactus
877 2237 993 2315 fuisset
1024 2237 1105 2301 odor
1134 2238 1289 2316 lignorum
1313 2236 1353 2299 ad

228 2341 268 2387 aas
283 2342 357 2386 eurn
383 2325 530 2402 peruenit
577 2325 763 2388 Ortulanum
794 2327 915 2389 vocauit
937 2331 966 2388 et
987 2327 1040 2388 ait:
1074 2326 1266 2404 „Karissime
1298 2344 1354 2406 per

282 2412 417 2476 odorem
443 2413 546 2476 sencio
570 2414 655 2493 quod
679 2414 804 2478 arbores
828 2415 950 2478 nouiter
976 2415 1105 2495 plantate
1131 2419 1204 2478 sunt
1226 2415 1258 2476 in
1282 2415 1354 2494 igne

281 2503 374 2565 isto.‘¹
424 2501 463 2563 At
486 2502 548 2565 ille:
575 2503 705 2580 ilicium,
725 2503 860 2579 domine,
884 2504 1011 2567 arbores
1026 2504 1140 2567 succidi
1157 2523 1194 2566 ex
1210 2507 1353 2584 precepto

282 2589 415 2652 domine
443 2605 538 2652 mee.u
586 2591 625 2654 At
658 2591 758 2655 miles:
797 2593 905 2658 „Absit
939 2597 972 2654 ut
1005 2593 1099 2656 arbor
1132 2609 1200 2656 mea
1234 2592 1355 2655 nouiter

283 2681 419 2760 plantata
442 2679 480 2742 sit
502 2679 534 2741 in
558 2680 664 2759 igne!“
714 2681 852 2744 Domina
884 2682 983 2744 statim
1019 2681 1189 2762 respondit:
1227 2683 1354 2758 „lmmo,

230 2787 269 2832 sao
284 2768 424 2846 domine,
449 2785 507 2847 ego
531 2769 591 2832 hoc
613 2769 679 2847 ieci,
704 2770 899 2850 perpendens
921 2770 1007 2850 quod
1030 2775 1152 2851 tempus
1174 2770 1281 2833 iuisset
1301 2770 1354 2831 iri-

283 2857 407 2936 gidum,
439 2861 468 2919 et
497 2857 568 2922 ideo
598 2857 638 2920 de
667 2859 716 2920 tali
741 2859 813 2938 igne
836 2859 1007 2922 ordinaui.u
1056 2859 1147 2922 Miles
1168 2877 1243 2922 vero
1264 2863 1355 2922 torvo

283 2946 373 3008 vultu
398 2963 465 3008 eam
489 2947 621 3026 respexit
644 2951 673 3010 et
694 2948 748 3010 ait:
774 2947 867 3013 „Ideo
890 2947 941 3010 dei
966 2948 1216 3011 malediccionem
1233 2947 1354 3024 habeas,

283 3054 323 3097 ex
363 3051 429 3113 quo
466 3035 580 3098 sciuisti
619 3035 705 3115 quod
743 3041 859 3099 tantum
899 3037 1042 3101 arborem
1082 3036 1164 3100 illam
1199 3036 1291 3099 dilexi
1326 3040 1356 3098 et

284 3123 500 3186 destruxistiu
550 3124 603 3187 llla
626 3125 686 3188 hoc
707 3125 836 3188 audiens
860 3126 946 3188 flevit
967 3144 1070 3189 amare
1093 3129 1122 3187 et
1143 3126 1195 3188 ait:
1227 3125 1277 3190 „0
1301 3125 1356 3188 do-

231 3231 271 3276 oao
287 3213 382 3288 mine,
407 3217 531 3292 propter
553 3213 672 3277 bonum
697 3214 845 3291 hocfeci,
880 3219 910 3278 et
932 3214 1003 3278 ideo
1027 3214 1231 3277 intencionem
1256 3232 1355 3276 meam

285 3302 385 3364 debes
408 3306 570 3382 acceptare.
616 3301 647 3365 Si
671 3302 828 3366 sciuissem
853 3303 940 3383 quod
964 3303 1019 3366 tibi
1042 3303 1253 3384 displicuisset,
1278 3320 1356 3365 nun-

285 3407 382 3469 quam
407 3389 467 3452 hoc
489 3395 739 3471 attemptassem.¹¹
788 3392 838 3454 nit
861 3392 962 3455 miles:
989 3391 1104 3458 „Cessa
1125 3410 1144 3454 a
1165 3392 1254 3455 fletu!
1286 3391 1356 3455 Tibi

284 3478 326 3540 ad
350 3495 478 3558 presens
501 3480 651 3543 remitto.u
700 3481 791 3544 Mane
814 3485 916 3543 autem
940 3481 1019 3544 iacto
1042 3480 1169 3544 domina
1183 3480 1314 3544 surrexit
1328 3486 1358 3544 et

285 3568 326 3630 ad
351 3567 508 3630 ecclesiam
544 3568 683 3648 perrexit.
732 3570 791 3632 Per
823 3570 904 3632 viam
941 3570 1026 3632 matri
1062 3569 1209 3633 obuiabat
1241 3574 1271 3632 et
1303 3571 1356 3633 ait:

233 3675 273 3719 aro
291 3657 397 3721 „Bene
431 3656 470 3718 sit
503 3657 556 3720 tibi
592 3675 675 3720 nunc
709 3662 738 3720 et
772 3658 802 3720 in
838 3660 991 3721 eternum!
1039 3659 1109 3736 lam,
1144 3659 1227 3722 bona
1254 3663 1357 3737 mater,

286 3762 391 3806 amare
421 3745 504 3822 uolo,
536 3745 610 3824 quia
640 3746 803 3810 dominum
836 3765 940 3810 meum
971 3747 1125 3827 temptaui,
1156 3748 1234 3810 sicut
1264 3747 1357 3811 michi

287 3833 391 3896 dixisti
398 3854 406 3910 5
435 3851 543 3913 parum
575 3833 648 3898 fleui
679 3839 708 3898 et
737 3840 834 3898 totum
860 3836 954 3900 michi
977 3836 1102 3899 remisit.
1151 3837 1187 3898 Et
1209 3836 1280 3899 ideo
1304 3855 1359 3916 per

287 3922 383 3985 deum
416 3922 658 4003 omnipotentem
690 3925 901 4006 presbyterum
932 3925 972 3987 de
1003 3929 1102 3987 cetero
1124 3943 1227 3988 amare
1250 3923 1355 3988 uolo.u

288 4011 340 4073 nit
363 4015 471 4074 mater:
497 4010 548 4076 »Ο
571 4011 643 4089 iilia,
667 4012 734 4075 licet
756 4031 845 4076 senes
868 4031 928 4076 vna
951 4013 1016 4076 vice
1047 4019 1177 4093 parcant,
1208 4013 1266 4076 alia
1292 4014 1359 4076 vice

235 4117 275 4162 ou
290 4117 403 4180 penam
427 4099 584 4180 duplicant
613 4105 641 4163 et
671 4101 742 4165 ideo
772 4102 902 4165 consulo
926 4107 959 4165 ut
981 4119 1052 4164 eum
1075 4102 1177 4164 adbuc
1198 4103 1355 4182 temptes.¹‘

289 4188 362 4262 Que
385 4188 438 4251 ait:
465 4189 589 4266 „blaten
613 4189 688 4268 quid
711 4189 809 4254 dicis?
856 4191 929 4253 Non
960 4193 1067 4269 potero
1089 4190 1214 4253 vlterius
1236 4206 1361 4269 exspec-

1198 4307 1233 4359 6.
