<?xml version="1.0" encoding="UTF-8"?>
<!DOCTYPE html PUBLIC "-//W3C//DTD XHTML 1.0 Transitional//EN"
    "http://www.w3.org/TR/xhtml1/DTD/xhtml1-transitional.dtd">
<html xmlns="http://www.w3.org/1999/xhtml" xml:lang="en" lang="en">
 <head>
  <title>
</title>
<meta http-equiv="Content-Type" content="text/html;charset=utf-8" />
  <meta name='ocr-system' content='tesseract 3.04.00' />
  <meta name='ocr-capabilities' content='ocr_page ocr_carea ocr_par ocr_line ocrx_word'/>
</head>
<body>
  <div class='ocr_page' id='page_1' title='image "./probenderlatein01ulrigoog_0084.png"; bbox 0 0 3584 4884; ppageno 0'>
   <div class='ocr_carea' id='block_1_1' title="bbox 723 483 945 542">
    <p class='ocr_par' dir='ltr' id='par_1_1' title="bbox 723 483 945 542">
     <span class='ocr_line' id='line_1_1' title="bbox 723 483 945 542; baseline 0.009 -19"><span class='ocrx_word' id='word_1_1' title='bbox 723 483 945 542; x_wconf 79' lang='lat'>..75-</span> 
     </span>
    </p>
   </div>
   <div class='ocr_carea' id='block_1_2' title="bbox 239 654 1390 2866">
    <p class='ocr_par' dir='ltr' id='par_1_2' title="bbox 239 654 1390 2866">
     <span class='ocr_line' id='line_1_2' title="bbox 297 654 1367 736; baseline 0.006 -21"><span class='ocrx_word' id='word_1_2' title='bbox 297 654 401 716; x_wconf 78' lang='lat' dir='ltr'>fructu</span> <span class='ocrx_word' id='word_1_3' title='bbox 425 655 598 731; x_wconf 80' lang='lat' dir='ltr'>commedit,</span> <span class='ocrx_word' id='word_1_4' title='bbox 623 657 777 718; x_wconf 86' lang='lat' dir='ltr'>sanitatem</span> <span class='ocrx_word' id='word_1_5' title='bbox 802 657 964 736; x_wconf 84' lang='lat' dir='ltr'>perfectam</span> <span class='ocrx_word' id='word_1_6' title='bbox 989 657 1114 720; x_wconf 84' lang='lat' dir='ltr'>inuenit</span> <span class='ocrx_word' id='word_1_7' title='bbox 1159 657 1277 721; x_wconf 82' lang='lat' dir='ltr'>Accidit</span> <span class='ocrx_word' id='word_1_8' title='bbox 1303 676 1367 721; x_wconf 93' lang='lat' dir='ltr'>vno</span> 
     </span>
     <span class='ocr_line' id='line_1_3' title="bbox 239 743 1367 823; baseline 0.005 -19"><span class='ocrx_word' id='word_1_9' title='bbox 239 759 283 805; x_wconf 72' lang='lat' dir='ltr'>aas</span> <span class='ocrx_word' id='word_1_10' title='bbox 300 743 353 804; x_wconf 92' lang='lat' dir='ltr'>die</span> <span class='ocrx_word' id='word_1_11' title='bbox 378 743 464 822; x_wconf 91' lang='lat' dir='ltr'>quod</span> <span class='ocrx_word' id='word_1_12' title='bbox 488 744 651 823; x_wconf 87' lang='lat' dir='ltr'>burgensis</span> <span class='ocrx_word' id='word_1_13' title='bbox 674 749 775 808; x_wconf 88' lang='lat' dir='ltr'>ortum</span> <span class='ocrx_word' id='word_1_14' title='bbox 799 746 930 809; x_wconf 85' lang='lat' dir='ltr'>intrauit</span> <span class='ocrx_word' id='word_1_15' title='bbox 975 746 1127 810; x_wconf 76' lang='lat' dir='ltr'>Arborem</span> <span class='ocrx_word' id='word_1_16' title='bbox 1143 747 1283 822; x_wconf 85' lang='lat' dir='ltr'>visitauil,</span> <span class='ocrx_word' id='word_1_17' title='bbox 1307 748 1367 810; x_wconf 91' lang='lat' dir='ltr'>sub</span> 
     </span>
     <span class='ocr_line' id='line_1_4' title="bbox 297 832 1366 916; baseline 0.006 -23"><span class='ocrx_word' id='word_1_18' title='bbox 297 832 413 894; x_wconf 92' lang='lat' dir='ltr'>arbore</span> <span class='ocrx_word' id='word_1_19' title='bbox 436 833 573 913; x_wconf 80' lang='lat' dir='ltr'>respexit,</span> <span class='ocrx_word' id='word_1_20' title='bbox 597 833 673 895; x_wconf 91' lang='lat' dir='ltr'>vidit</span> <span class='ocrx_word' id='word_1_21' title='bbox 695 834 849 913; x_wconf 89' lang='lat' dir='ltr'>quandam</span> <span class='ocrx_word' id='word_1_22' title='bbox 874 835 1019 916; x_wconf 89' lang='lat' dir='ltr'>pinellam</span> <span class='ocrx_word' id='word_1_23' title='bbox 1040 835 1200 915; x_wconf 81' lang='lat' dir='ltr'>pulchram</span> <span class='ocrx_word' id='word_1_24' title='bbox 1223 854 1366 913; x_wconf 88' lang='lat' dir='ltr'>crescere,</span> 
     </span>
     <span class='ocr_line' id='line_1_5' title="bbox 298 921 1367 1004; baseline 0.005 -22"><span class='ocrx_word' id='word_1_25' title='bbox 298 921 426 983; x_wconf 88' lang='lat' dir='ltr'>uocauit</span> <span class='ocrx_word' id='word_1_26' title='bbox 449 921 622 984; x_wconf 77' lang='lat' dir='ltr'>ortulanum</span> <span class='ocrx_word' id='word_1_27' title='bbox 646 927 675 984; x_wconf 91' lang='lat' dir='ltr'>et</span> <span class='ocrx_word' id='word_1_28' title='bbox 697 924 749 986; x_wconf 89' lang='lat' dir='ltr'>ait:</span> <span class='ocrx_word' id='word_1_29' title='bbox 776 924 969 1001; x_wconf 67' lang='lat' dir='ltr'>„Karissime</span> <span class='ocrx_word' id='word_1_30' title='bbox 986 943 1089 987; x_wconf 91' lang='lat' dir='ltr'>curam</span> <span class='ocrx_word' id='word_1_31' title='bbox 1113 924 1153 987; x_wconf 91' lang='lat' dir='ltr'>de</span> <span class='ocrx_word' id='word_1_32' title='bbox 1176 925 1231 988; x_wconf 81' lang='lat' dir='ltr'>ista</span> <span class='ocrx_word' id='word_1_33' title='bbox 1254 925 1367 1004; x_wconf 86' lang='lat' dir='ltr'>pinella</span> 
     </span>
     <span class='ocr_line' id='line_1_6' title="bbox 297 1009 1367 1092; baseline 0.006 -21"><span class='ocrx_word' id='word_1_34' title='bbox 297 1009 462 1089; x_wconf 87' lang='lat' dir='ltr'>specialem</span> <span class='ocrx_word' id='word_1_35' title='bbox 499 1010 617 1088; x_wconf 79' lang='lat' dir='ltr'>habeas,</span> <span class='ocrx_word' id='word_1_36' title='bbox 652 1011 725 1091; x_wconf 90' lang='lat' dir='ltr'>quia</span> <span class='ocrx_word' id='word_1_37' title='bbox 758 1031 848 1092; x_wconf 91' lang='lat' dir='ltr'>spero</span> <span class='ocrx_word' id='word_1_38' title='bbox 883 1014 1041 1076; x_wconf 93' lang='lat' dir='ltr'>meliorem</span> <span class='ocrx_word' id='word_1_39' title='bbox 1076 1014 1219 1076; x_wconf 86' lang='lat' dir='ltr'>arborem</span> <span class='ocrx_word' id='word_1_40' title='bbox 1255 1013 1367 1077; x_wconf 86' lang='lat' dir='ltr'>habere</span> 
     </span>
     <span class='ocr_line' id='line_1_7' title="bbox 299 1099 1364 1179; baseline 0.005 -20"><span class='ocrx_word' id='word_1_41' title='bbox 299 1115 395 1176; x_wconf 90' lang='lat' dir='ltr'>quam</span> <span class='ocrx_word' id='word_1_42' title='bbox 420 1099 475 1161; x_wconf 86' lang='lat' dir='ltr'>ista</span> <span class='ocrx_word' id='word_1_43' title='bbox 491 1103 561 1162; x_wconf 69' lang='lat' dir='ltr'>estu</span> <span class='ocrx_word' id='word_1_44' title='bbox 602 1100 652 1162; x_wconf 84' lang='lat' dir='ltr'>Ait</span> <span class='ocrx_word' id='word_1_45' title='bbox 668 1101 838 1164; x_wconf 87' lang='lat' dir='ltr'>ortulanus:</span> <span class='ocrx_word' id='word_1_46' title='bbox 865 1139 879 1166; x_wconf 71' lang='lat' dir='ltr'>l</span> <span class='ocrx_word' id='word_1_47' title='bbox 887 1103 1030 1179; x_wconf 90' lang='lat' dir='ltr'>Domine,</span> <span class='ocrx_word' id='word_1_48' title='bbox 1046 1102 1099 1164; x_wconf 89' lang='lat' dir='ltr'>iiat</span> <span class='ocrx_word' id='word_1_49' title='bbox 1114 1102 1257 1164; x_wconf 88' lang='lat' dir='ltr'>uoluntas</span> <span class='ocrx_word' id='word_1_50' title='bbox 1272 1107 1323 1164; x_wconf 88' lang='lat' dir='ltr'>tua</span> <span class='ocrx_word' id='word_1_51' title='bbox 1336 1105 1364 1164; x_wconf 68' lang='lat' dir='ltr'>m</span> 
     </span>
     <span class='ocr_line' id='line_1_8' title="bbox 242 1186 1365 1269; baseline 0.002 -19"><span class='ocrx_word' id='word_1_52' title='bbox 242 1205 285 1250; x_wconf 82' lang='lat' dir='ltr'>auo</span> <span class='ocrx_word' id='word_1_53' title='bbox 300 1187 404 1249; x_wconf 80' lang='lat' dir='ltr'>Altera</span> <span class='ocrx_word' id='word_1_54' title='bbox 428 1186 478 1250; x_wconf 92' lang='lat' dir='ltr'>die</span> <span class='ocrx_word' id='word_1_55' title='bbox 501 1188 623 1251; x_wconf 88' lang='lat' dir='ltr'>intrauit</span> <span class='ocrx_word' id='word_1_56' title='bbox 645 1194 674 1251; x_wconf 92' lang='lat' dir='ltr'>et</span> <span class='ocrx_word' id='word_1_57' title='bbox 697 1190 840 1269; x_wconf 89' lang='lat' dir='ltr'>pinellam</span> <span class='ocrx_word' id='word_1_58' title='bbox 863 1191 1007 1268; x_wconf 75' lang='lat' dir='ltr'>uisitauit5</span> <span class='ocrx_word' id='word_1_59' title='bbox 1043 1191 1167 1254; x_wconf 71' lang='lat' dir='ltr'>uocauit</span> <span class='ocrx_word' id='word_1_60' title='bbox 1189 1191 1365 1254; x_wconf 82' lang='lat' dir='ltr'>ortulanum</span> 
     </span>
     <span class='ocr_line' id='line_1_9' title="bbox 299 1276 1367 1360; baseline 0.004 -22"><span class='ocrx_word' id='word_1_61' title='bbox 299 1280 329 1338; x_wconf 90' lang='lat' dir='ltr'>et</span> <span class='ocrx_word' id='word_1_62' title='bbox 350 1276 405 1338; x_wconf 88' lang='lat' dir='ltr'>ait:</span> <span class='ocrx_word' id='word_1_63' title='bbox 438 1277 630 1353; x_wconf 72' lang='lat' dir='ltr'>„Karissime</span> <span class='ocrx_word' id='word_1_64' title='bbox 655 1296 718 1341; x_wconf 95' lang='lat' dir='ltr'>non</span> <span class='ocrx_word' id='word_1_65' title='bbox 741 1279 861 1341; x_wconf 88' lang='lat' dir='ltr'>videtur</span> <span class='ocrx_word' id='word_1_66' title='bbox 884 1280 976 1342; x_wconf 88' lang='lat' dir='ltr'>michi</span> <span class='ocrx_word' id='word_1_67' title='bbox 1001 1279 1087 1359; x_wconf 90' lang='lat' dir='ltr'>quod</span> <span class='ocrx_word' id='word_1_68' title='bbox 1112 1280 1225 1360; x_wconf 90' lang='lat' dir='ltr'>pinella</span> <span class='ocrx_word' id='word_1_69' title='bbox 1247 1285 1367 1358; x_wconf 73' lang='lat' dir='ltr'>creseat</span> 
     </span>
     <span class='ocr_line' id='line_1_10' title="bbox 299 1365 1366 1445; baseline 0.006 -19"><span class='ocrx_word' id='word_1_70' title='bbox 299 1365 380 1427; x_wconf 91' lang='lat' dir='ltr'>sicut</span> <span class='ocrx_word' id='word_1_71' title='bbox 402 1383 536 1428; x_wconf 89' lang='lat' dir='ltr'>creseere</span> <span class='ocrx_word' id='word_1_72' title='bbox 552 1366 702 1430; x_wconf 74' lang='lat' dir='ltr'>deberet.u</span> <span class='ocrx_word' id='word_1_73' title='bbox 729 1367 793 1441; x_wconf 89' lang='lat' dir='ltr'>Qui</span> <span class='ocrx_word' id='word_1_74' title='bbox 817 1369 869 1430; x_wconf 90' lang='lat' dir='ltr'>ait:</span> <span class='ocrx_word' id='word_1_75' title='bbox 897 1369 1062 1445; x_wconf 74' lang='lat' dir='ltr'>„Domine</span> <span class='ocrx_word' id='word_1_76' title='bbox 1087 1369 1200 1430; x_wconf 91' lang='lat' dir='ltr'>mirum</span> <span class='ocrx_word' id='word_1_77' title='bbox 1226 1387 1288 1432; x_wconf 90' lang='lat' dir='ltr'>non</span> <span class='ocrx_word' id='word_1_78' title='bbox 1313 1373 1366 1432; x_wconf 89' lang='lat' dir='ltr'>est.</span> 
     </span>
     <span class='ocr_line' id='line_1_11' title="bbox 298 1453 1390 1538; baseline 0.006 -23"><span class='ocrx_word' id='word_1_79' title='bbox 298 1453 404 1516; x_wconf 83' lang='lat' dir='ltr'>Arbor</span> <span class='ocrx_word' id='word_1_80' title='bbox 428 1454 483 1516; x_wconf 90' lang='lat' dir='ltr'>ista</span> <span class='ocrx_word' id='word_1_81' title='bbox 505 1459 549 1518; x_wconf 87' lang='lat' dir='ltr'>est</span> <span class='ocrx_word' id='word_1_82' title='bbox 571 1460 631 1518; x_wconf 84' lang='lat' dir='ltr'>tam</span> <span class='ocrx_word' id='word_1_83' title='bbox 656 1456 749 1536; x_wconf 88' lang='lat' dir='ltr'>longa</span> <span class='ocrx_word' id='word_1_84' title='bbox 771 1461 801 1520; x_wconf 92' lang='lat' dir='ltr'>et</span> <span class='ocrx_word' id='word_1_85' title='bbox 823 1457 880 1519; x_wconf 85' lang='lat' dir='ltr'>lata</span> <span class='ocrx_word' id='word_1_86' title='bbox 911 1476 981 1519; x_wconf 91' lang='lat' dir='ltr'>cum</span> <span class='ocrx_word' id='word_1_87' title='bbox 1005 1458 1106 1534; x_wconf 90' lang='lat' dir='ltr'>ramis,</span> <span class='ocrx_word' id='word_1_88' title='bbox 1137 1457 1223 1537; x_wconf 93' lang='lat' dir='ltr'>quod</span> <span class='ocrx_word' id='word_1_89' title='bbox 1247 1475 1300 1519; x_wconf 90' lang='lat' dir='ltr'>aer</span> <span class='ocrx_word' id='word_1_90' title='bbox 1322 1457 1390 1538; x_wconf 80' lang='lat' dir='ltr'>pi.</span> 
     </span>
     <span class='ocr_line' id='line_1_12' title="bbox 300 1542 1369 1625; baseline 0.007 -22"><span class='ocrx_word' id='word_1_91' title='bbox 300 1542 413 1604; x_wconf 91' lang='lat' dir='ltr'>nellam</span> <span class='ocrx_word' id='word_1_92' title='bbox 449 1543 594 1623; x_wconf 87' lang='lat' dir='ltr'>attingere</span> <span class='ocrx_word' id='word_1_93' title='bbox 627 1562 690 1608; x_wconf 93' lang='lat' dir='ltr'>non</span> <span class='ocrx_word' id='word_1_94' title='bbox 726 1549 831 1625; x_wconf 87' lang='lat' dir='ltr'>potest.</span> <span class='ocrx_word' id='word_1_95' title='bbox 840 1561 853 1588; x_wconf 78' lang='lat'>¹¹</span> <span class='ocrx_word' id='word_1_96' title='bbox 906 1547 945 1608; x_wconf 82' lang='lat' dir='ltr'>m</span> <span class='ocrx_word' id='word_1_97' title='bbox 980 1547 1043 1609; x_wconf 94' lang='lat' dir='ltr'>ille:</span> <span class='ocrx_word' id='word_1_98' title='bbox 1081 1547 1215 1614; x_wconf 76' lang='lat' dir='ltr'>„Ramos</span> <span class='ocrx_word' id='word_1_99' title='bbox 1248 1546 1369 1610; x_wconf 89' lang='lat' dir='ltr'>arboris</span> 
     </span>
     <span class='ocr_line' id='line_1_13' title="bbox 243 1631 1367 1714; baseline 0.003 -20"><span class='ocrx_word' id='word_1_100' title='bbox 243 1649 286 1694; x_wconf 81' lang='lat' dir='ltr'>aus</span> <span class='ocrx_word' id='word_1_101' title='bbox 300 1631 434 1707; x_wconf 90' lang='lat' dir='ltr'>succide,</span> <span class='ocrx_word' id='word_1_102' title='bbox 458 1635 491 1694; x_wconf 91' lang='lat' dir='ltr'>ul</span> <span class='ocrx_word' id='word_1_103' title='bbox 512 1651 564 1695; x_wconf 90' lang='lat' dir='ltr'>aer</span> <span class='ocrx_word' id='word_1_104' title='bbox 587 1633 730 1714; x_wconf 90' lang='lat' dir='ltr'>pinellam</span> <span class='ocrx_word' id='word_1_105' title='bbox 755 1634 852 1714; x_wconf 87' lang='lat' dir='ltr'>possit</span> <span class='ocrx_word' id='word_1_106' title='bbox 873 1635 1024 1698; x_wconf 77' lang='lat' dir='ltr'>visitare.u</span> <span class='ocrx_word' id='word_1_107' title='bbox 1063 1636 1098 1697; x_wconf 86' lang='lat' dir='ltr'>Et</span> <span class='ocrx_word' id='word_1_108' title='bbox 1120 1636 1164 1698; x_wconf 91' lang='lat' dir='ltr'>sic</span> <span class='ocrx_word' id='word_1_109' title='bbox 1186 1635 1298 1698; x_wconf 86' lang='lat' dir='ltr'>iactum</span> <span class='ocrx_word' id='word_1_110' title='bbox 1314 1640 1367 1698; x_wconf 82' lang='lat' dir='ltr'>est</span> 
     </span>
     <span class='ocr_line' id='line_1_14' title="bbox 300 1719 1369 1803; baseline 0.002 -19"><span class='ocrx_word' id='word_1_111' title='bbox 300 1719 387 1784; x_wconf 85' lang='lat' dir='ltr'>Stetit</span> <span class='ocrx_word' id='word_1_112' title='bbox 415 1721 509 1784; x_wconf 89' lang='lat' dir='ltr'>arbor</span> <span class='ocrx_word' id='word_1_113' title='bbox 538 1723 666 1784; x_wconf 89' lang='lat' dir='ltr'>totaliter</span> <span class='ocrx_word' id='word_1_114' title='bbox 698 1724 788 1785; x_wconf 90' lang='lat' dir='ltr'>nuda.</span> <span class='ocrx_word' id='word_1_115' title='bbox 835 1724 1003 1803; x_wconf 85' lang='lat' dir='ltr'>Burgensis</span> <span class='ocrx_word' id='word_1_116' title='bbox 1033 1724 1123 1787; x_wconf 89' lang='lat' dir='ltr'>tercia</span> <span class='ocrx_word' id='word_1_117' title='bbox 1152 1725 1218 1787; x_wconf 90' lang='lat' dir='ltr'>vice</span> <span class='ocrx_word' id='word_1_118' title='bbox 1245 1725 1369 1786; x_wconf 89' lang='lat' dir='ltr'>intrauit</span> 
     </span>
     <span class='ocr_line' id='line_1_15' title="bbox 300 1809 1368 1892; baseline 0.003 -21"><span class='ocrx_word' id='word_1_119' title='bbox 300 1809 362 1872; x_wconf 89' lang='lat' dir='ltr'>cito</span> <span class='ocrx_word' id='word_1_120' title='bbox 386 1814 456 1889; x_wconf 89' lang='lat' dir='ltr'>post</span> <span class='ocrx_word' id='word_1_121' title='bbox 479 1810 546 1888; x_wconf 92' lang='lat' dir='ltr'>hoc,</span> <span class='ocrx_word' id='word_1_122' title='bbox 569 1815 603 1873; x_wconf 89' lang='lat' dir='ltr'>ut</span> <span class='ocrx_word' id='word_1_123' title='bbox 626 1811 768 1892; x_wconf 91' lang='lat' dir='ltr'>pinellam</span> <span class='ocrx_word' id='word_1_124' title='bbox 791 1813 933 1875; x_wconf 86' lang='lat' dir='ltr'>visitaret.</span> <span class='ocrx_word' id='word_1_125' title='bbox 981 1813 1062 1876; x_wconf 91' lang='lat' dir='ltr'>Cum</span> <span class='ocrx_word' id='word_1_126' title='bbox 1087 1831 1161 1876; x_wconf 92' lang='lat' dir='ltr'>vero</span> <span class='ocrx_word' id='word_1_127' title='bbox 1185 1831 1251 1875; x_wconf 87' lang='lat' dir='ltr'>eam</span> <span class='ocrx_word' id='word_1_128' title='bbox 1274 1813 1368 1875; x_wconf 76' lang='lat' dir='ltr'>vidis</span> 
     </span>
     <span class='ocr_line' id='line_1_16' title="bbox 300 1898 1369 1981; baseline 0.003 -21"><span class='ocrx_word' id='word_1_129' title='bbox 300 1902 354 1975; x_wconf 87' lang='lat' dir='ltr'>set,</span> <span class='ocrx_word' id='word_1_130' title='bbox 388 1898 563 1961; x_wconf 91' lang='lat' dir='ltr'>ortulanum</span> <span class='ocrx_word' id='word_1_131' title='bbox 588 1901 711 1963; x_wconf 80' lang='lat' dir='ltr'>uocauit</span> <span class='ocrx_word' id='word_1_132' title='bbox 733 1905 762 1963; x_wconf 91' lang='lat' dir='ltr'>et</span> <span class='ocrx_word' id='word_1_133' title='bbox 783 1903 824 1964; x_wconf 92' lang='lat' dir='ltr'>ait</span> <span class='ocrx_word' id='word_1_134' title='bbox 846 1902 887 1963; x_wconf 93' lang='lat' dir='ltr'>ei:</span> <span class='ocrx_word' id='word_1_135' title='bbox 922 1902 1115 1978; x_wconf 75' lang='lat' dir='ltr'>„Karissime</span> <span class='ocrx_word' id='word_1_136' title='bbox 1139 1901 1302 1981; x_wconf 90' lang='lat' dir='ltr'>quomodo</span> <span class='ocrx_word' id='word_1_137' title='bbox 1324 1907 1369 1964; x_wconf 89' lang='lat' dir='ltr'>est</span> 
     </span>
     <span class='ocr_line' id='line_1_17' title="bbox 301 1987 1367 2063; baseline 0.004 -15"><span class='ocrx_word' id='word_1_138' title='bbox 301 1987 385 2049; x_wconf 90' lang='lat' dir='ltr'>hoc?</span> <span class='ocrx_word' id='word_1_139' title='bbox 433 1987 548 2050; x_wconf 84' lang='lat' dir='ltr'>Pinella</span> <span class='ocrx_word' id='word_1_140' title='bbox 584 1988 623 2051; x_wconf 93' lang='lat' dir='ltr'>ad</span> <span class='ocrx_word' id='word_1_141' title='bbox 654 1989 772 2052; x_wconf 91' lang='lat' dir='ltr'>libitum</span> <span class='ocrx_word' id='word_1_142' title='bbox 803 2009 907 2052; x_wconf 92' lang='lat' dir='ltr'>meum</span> <span class='ocrx_word' id='word_1_143' title='bbox 944 2009 1007 2054; x_wconf 91' lang='lat' dir='ltr'>non</span> <span class='ocrx_word' id='word_1_144' title='bbox 1042 1991 1176 2054; x_wconf 70' lang='lat' dir='ltr'>crescit.u</span> <span class='ocrx_word' id='word_1_145' title='bbox 1225 1989 1289 2063; x_wconf 90' lang='lat' dir='ltr'>Qui</span> <span class='ocrx_word' id='word_1_146' title='bbox 1313 1991 1367 2052; x_wconf 91' lang='lat' dir='ltr'>ait:</span> 
     </span>
     <span class='ocr_line' id='line_1_18' title="bbox 244 2075 1370 2160; baseline 0.003 -22"><span class='ocrx_word' id='word_1_147' title='bbox 244 2093 287 2138; x_wconf 78' lang='lat'>310</span> <span class='ocrx_word' id='word_1_148' title='bbox 305 2075 474 2152; x_wconf 70' lang='lat' dir='ltr'>„Domine</span> <span class='ocrx_word' id='word_1_149' title='bbox 509 2078 620 2138; x_wconf 91' lang='lat' dir='ltr'>mirum</span> <span class='ocrx_word' id='word_1_150' title='bbox 657 2095 719 2141; x_wconf 93' lang='lat' dir='ltr'>non</span> <span class='ocrx_word' id='word_1_151' title='bbox 754 2083 807 2141; x_wconf 89' lang='lat' dir='ltr'>est.</span> <span class='ocrx_word' id='word_1_152' title='bbox 854 2079 992 2142; x_wconf 84' lang='lat' dir='ltr'>Altitudo</span> <span class='ocrx_word' id='word_1_153' title='bbox 1027 2080 1147 2143; x_wconf 89' lang='lat' dir='ltr'>arboris</span> <span class='ocrx_word' id='word_1_154' title='bbox 1179 2079 1315 2160; x_wconf 89' lang='lat' dir='ltr'>pluuiam</span> <span class='ocrx_word' id='word_1_155' title='bbox 1341 2084 1370 2141; x_wconf 89' lang='lat' dir='ltr'>et</span> 
     </span>
     <span class='ocr_line' id='line_1_19' title="bbox 300 2164 1370 2248; baseline 0.004 -23"><span class='ocrx_word' id='word_1_156' title='bbox 300 2165 401 2226; x_wconf 88' lang='lat' dir='ltr'>solem</span> <span class='ocrx_word' id='word_1_157' title='bbox 427 2164 561 2245; x_wconf 90' lang='lat' dir='ltr'>impedit,</span> <span class='ocrx_word' id='word_1_158' title='bbox 586 2185 641 2246; x_wconf 90' lang='lat' dir='ltr'>per</span> <span class='ocrx_word' id='word_1_159' title='bbox 663 2185 724 2246; x_wconf 91' lang='lat' dir='ltr'>que</span> <span class='ocrx_word' id='word_1_160' title='bbox 746 2167 811 2230; x_wconf 91' lang='lat' dir='ltr'>duo</span> <span class='ocrx_word' id='word_1_161' title='bbox 835 2169 949 2248; x_wconf 91' lang='lat' dir='ltr'>pinella</span> <span class='ocrx_word' id='word_1_162' title='bbox 972 2187 1106 2231; x_wconf 89' lang='lat' dir='ltr'>crescere</span> <span class='ocrx_word' id='word_1_163' title='bbox 1129 2168 1281 2231; x_wconf 81' lang='lat' dir='ltr'>deberet.u</span> <span class='ocrx_word' id='word_1_164' title='bbox 1330 2169 1370 2230; x_wconf 80' lang='lat' dir='ltr'>At</span> 
     </span>
     <span class='ocr_line' id='line_1_20' title="bbox 300 2253 1369 2336; baseline 0.007 -23"><span class='ocrx_word' id='word_1_165' title='bbox 300 2253 365 2314; x_wconf 93' lang='lat' dir='ltr'>ille:</span> <span class='ocrx_word' id='word_1_166' title='bbox 401 2254 465 2317; x_wconf 78' lang='lat' dir='ltr'>„Ex</span> <span class='ocrx_word' id='word_1_167' title='bbox 493 2273 556 2333; x_wconf 89' lang='lat' dir='ltr'>quo</span> <span class='ocrx_word' id='word_1_168' title='bbox 586 2255 630 2318; x_wconf 90' lang='lat' dir='ltr'>sic</span> <span class='ocrx_word' id='word_1_169' title='bbox 657 2261 708 2333; x_wconf 90' lang='lat' dir='ltr'>est,</span> <span class='ocrx_word' id='word_1_170' title='bbox 740 2260 832 2319; x_wconf 85' lang='lat' dir='ltr'>lotam</span> <span class='ocrx_word' id='word_1_171' title='bbox 860 2257 1002 2320; x_wconf 91' lang='lat' dir='ltr'>arborem</span> <span class='ocrx_word' id='word_1_172' title='bbox 1027 2257 1157 2332; x_wconf 90' lang='lat' dir='ltr'>succide,</span> <span class='ocrx_word' id='word_1_173' title='bbox 1182 2257 1255 2336; x_wconf 90' lang='lat' dir='ltr'>quia</span> <span class='ocrx_word' id='word_1_174' title='bbox 1276 2275 1369 2336; x_wconf 90' lang='lat' dir='ltr'>spero</span> 
     </span>
     <span class='ocr_line' id='line_1_21' title="bbox 300 2342 1368 2425; baseline 0.005 -22"><span class='ocrx_word' id='word_1_175' title='bbox 300 2342 341 2404; x_wconf 93' lang='lat' dir='ltr'>de</span> <span class='ocrx_word' id='word_1_176' title='bbox 365 2343 479 2422; x_wconf 90' lang='lat' dir='ltr'>pinella</span> <span class='ocrx_word' id='word_1_177' title='bbox 502 2343 659 2406; x_wconf 92' lang='lat' dir='ltr'>meliorem</span> <span class='ocrx_word' id='word_1_178' title='bbox 684 2345 796 2408; x_wconf 92' lang='lat' dir='ltr'>habere</span> <span class='ocrx_word' id='word_1_179' title='bbox 819 2364 913 2425; x_wconf 90' lang='lat' dir='ltr'>quam</span> <span class='ocrx_word' id='word_1_180' title='bbox 936 2347 1029 2409; x_wconf 92' lang='lat' dir='ltr'>arbor</span> <span class='ocrx_word' id='word_1_181' title='bbox 1052 2347 1108 2409; x_wconf 87' lang='lat' dir='ltr'>ista</span> <span class='ocrx_word' id='word_1_182' title='bbox 1122 2352 1196 2409; x_wconf 81' lang='lat' dir='ltr'>est.u</span> <span class='ocrx_word' id='word_1_183' title='bbox 1245 2345 1368 2408; x_wconf 89' lang='lat' dir='ltr'>Ortula-</span> 
     </span>
     <span class='ocr_line' id='line_1_22' title="bbox 300 2432 1370 2516; baseline 0.004 -24"><span class='ocrx_word' id='word_1_184' title='bbox 300 2449 362 2492; x_wconf 92' lang='lat' dir='ltr'>nus</span> <span class='ocrx_word' id='word_1_185' title='bbox 385 2449 461 2494; x_wconf 92' lang='lat' dir='ltr'>vero</span> <span class='ocrx_word' id='word_1_186' title='bbox 483 2432 611 2495; x_wconf 88' lang='lat' dir='ltr'>totaliter</span> <span class='ocrx_word' id='word_1_187' title='bbox 638 2451 704 2496; x_wconf 88' lang='lat' dir='ltr'>eam</span> <span class='ocrx_word' id='word_1_188' title='bbox 728 2434 863 2497; x_wconf 89' lang='lat' dir='ltr'>succidit.</span> <span class='ocrx_word' id='word_1_189' title='bbox 911 2435 1020 2498; x_wconf 85' lang='lat' dir='ltr'>Postea</span> <span class='ocrx_word' id='word_1_190' title='bbox 1049 2436 1163 2516; x_wconf 90' lang='lat' dir='ltr'>pinella</span> <span class='ocrx_word' id='word_1_191' title='bbox 1193 2434 1319 2496; x_wconf 91' lang='lat' dir='ltr'>euanuit</span> <span class='ocrx_word' id='word_1_192' title='bbox 1341 2439 1370 2497; x_wconf 92' lang='lat' dir='ltr'>et</span> 
     </span>
     <span class='ocr_line' id='line_1_23' title="bbox 246 2519 1369 2604; baseline 0.001 -20"><span class='ocrx_word' id='word_1_193' title='bbox 246 2537 288 2584; x_wconf 80' lang='lat' dir='ltr'>ars</span> <span class='ocrx_word' id='word_1_194' title='bbox 303 2519 411 2582; x_wconf 88' lang='lat' dir='ltr'>nullus</span> <span class='ocrx_word' id='word_1_195' title='bbox 441 2521 595 2600; x_wconf 84' lang='lat' dir='ltr'>protectus</span> <span class='ocrx_word' id='word_1_196' title='bbox 625 2521 697 2584; x_wconf 92' lang='lat' dir='ltr'>inde</span> <span class='ocrx_word' id='word_1_197' title='bbox 726 2523 816 2585; x_wconf 91' lang='lat' dir='ltr'>venit.</span> <span class='ocrx_word' id='word_1_198' title='bbox 863 2523 1017 2604; x_wconf 87' lang='lat' dir='ltr'>Pauperes</span> <span class='ocrx_word' id='word_1_199' title='bbox 1040 2543 1075 2587; x_wconf 91' lang='lat' dir='ltr'>ac</span> <span class='ocrx_word' id='word_1_200' title='bbox 1098 2524 1213 2586; x_wconf 82' lang='lat' dir='ltr'>infirmi</span> <span class='ocrx_word' id='word_1_201' title='bbox 1238 2524 1294 2585; x_wconf 88' lang='lat' dir='ltr'>hec</span> <span class='ocrx_word' id='word_1_202' title='bbox 1315 2541 1369 2585; x_wconf 91' lang='lat' dir='ltr'>au-</span> 
     </span>
     <span class='ocr_line' id='line_1_24' title="bbox 300 2608 1368 2689; baseline 0.005 -20"><span class='ocrx_word' id='word_1_203' title='bbox 300 2608 450 2688; x_wconf 80' lang='lat' dir='ltr'>dien-(Bt</span> <span class='ocrx_word' id='word_1_204' title='bbox 477 2610 628 2689; x_wconf 74' lang='lat' dir='ltr'>142r.)tes</span> <span class='ocrx_word' id='word_1_205' title='bbox 659 2611 910 2675; x_wconf 89' lang='lat' dir='ltr'>malediccionem</span> <span class='ocrx_word' id='word_1_206' title='bbox 942 2613 1089 2676; x_wconf 90' lang='lat' dir='ltr'>omnibus</span> <span class='ocrx_word' id='word_1_207' title='bbox 1120 2613 1179 2675; x_wconf 91' lang='lat' dir='ltr'>illis</span> <span class='ocrx_word' id='word_1_208' title='bbox 1209 2611 1368 2689; x_wconf 91' lang='lat' dir='ltr'>dederunt,</span> 
     </span>
     <span class='ocr_line' id='line_1_25' title="bbox 300 2697 1370 2781; baseline 0.004 -23"><span class='ocrx_word' id='word_1_209' title='bbox 300 2697 357 2778; x_wconf 91' lang='lat' dir='ltr'>qui</span> <span class='ocrx_word' id='word_1_210' title='bbox 380 2698 494 2760; x_wconf 88' lang='lat' dir='ltr'>auxilio</span> <span class='ocrx_word' id='word_1_211' title='bbox 518 2699 564 2762; x_wconf 94' lang='lat' dir='ltr'>vel</span> <span class='ocrx_word' id='word_1_212' title='bbox 588 2700 718 2764; x_wconf 91' lang='lat' dir='ltr'>consilio</span> <span class='ocrx_word' id='word_1_213' title='bbox 741 2700 878 2763; x_wconf 86' lang='lat' dir='ltr'>iecemnt</span> <span class='ocrx_word' id='word_1_214' title='bbox 901 2706 933 2763; x_wconf 89' lang='lat' dir='ltr'>vt</span> <span class='ocrx_word' id='word_1_215' title='bbox 961 2703 1055 2765; x_wconf 92' lang='lat' dir='ltr'>arbor</span> <span class='ocrx_word' id='word_1_216' title='bbox 1077 2702 1290 2778; x_wconf 86' lang='lat' dir='ltr'>destrueretur,</span> <span class='ocrx_word' id='word_1_217' title='bbox 1315 2719 1370 2781; x_wconf 93' lang='lat' dir='ltr'>per</span> 
     </span>
     <span class='ocr_line' id='line_1_26' title="bbox 300 2787 830 2866; baseline 0.009 -19"><span class='ocrx_word' id='word_1_218' title='bbox 300 2804 397 2866; x_wconf 88' lang='lat' dir='ltr'>quam</span> <span class='ocrx_word' id='word_1_219' title='bbox 422 2787 536 2850; x_wconf 80' lang='lat' dir='ltr'>infirmi</span> <span class='ocrx_word' id='word_1_220' title='bbox 559 2789 635 2851; x_wconf 89' lang='lat' dir='ltr'>salui</span> <span class='ocrx_word' id='word_1_221' title='bbox 660 2789 727 2852; x_wconf 88' lang='lat' dir='ltr'>lacti</span> <span class='ocrx_word' id='word_1_222' title='bbox 750 2795 830 2852; x_wconf 88' lang='lat' dir='ltr'>sunt.</span> 
     </span>
    </p>
   </div>
   <div class='ocr_carea' id='block_1_3' title="bbox 457 2982 1217 3175">
    <p class='ocr_par' dir='ltr' id='par_1_3' title="bbox 457 2982 1217 3175">
     <span class='ocr_line' id='line_1_27' title="bbox 457 2982 1217 3069; baseline 0.003 -25"><span class='ocrx_word' id='word_1_223' title='bbox 457 2982 559 3046; x_wconf 86' lang='lat' dir='ltr'>Prima</span> <span class='ocrx_word' id='word_1_224' title='bbox 582 2984 718 3048; x_wconf 88' lang='lat' dir='ltr'>narracio</span> <span class='ocrx_word' id='word_1_225' title='bbox 742 2985 832 3066; x_wconf 90' lang='lat' dir='ltr'>primi</span> <span class='ocrx_word' id='word_1_226' title='bbox 857 2986 993 3065; x_wconf 85' lang='lat' dir='ltr'>magistri</span> <span class='ocrx_word' id='word_1_227' title='bbox 1018 2985 1076 3069; x_wconf 83' lang='lat' dir='ltr'>(Bl.</span> <span class='ocrx_word' id='word_1_228' title='bbox 1105 2987 1217 3065; x_wconf 68' lang='lat' dir='ltr'>mn).</span> 
     </span>
     <span class='ocr_line' id='line_1_28' title="bbox 778 3103 891 3175; baseline -0.009 -15"><span class='ocrx_word' id='word_1_229' title='bbox 778 3103 891 3175; x_wconf 78' lang='lat' dir='ltr'>[Canis]</span> 
     </span>
    </p>
   </div>
   <div class='ocr_carea' id='block_1_4' title="bbox 248 3230 1372 4288">
    <p class='ocr_par' dir='ltr' id='par_1_4' title="bbox 248 3230 1372 4288">
     <span class='ocr_line' id='line_1_29' title="bbox 394 3230 1369 3311; baseline 0.003 -20"><span class='ocrx_word' id='word_1_230' title='bbox 394 3230 484 3292; x_wconf 87' lang='lat' dir='ltr'>Miles</span> <span class='ocrx_word' id='word_1_231' title='bbox 506 3231 631 3310; x_wconf 90' lang='lat' dir='ltr'>quidam</span> <span class='ocrx_word' id='word_1_232' title='bbox 649 3236 717 3309; x_wconf 90' lang='lat' dir='ltr'>erat,</span> <span class='ocrx_word' id='word_1_233' title='bbox 734 3235 898 3294; x_wconf 85' lang='lat' dir='ltr'>strennuus</span> <span class='ocrx_word' id='word_1_234' title='bbox 914 3231 1010 3309; x_wconf 90' lang='lat' dir='ltr'>valde,</span> <span class='ocrx_word' id='word_1_235' title='bbox 1034 3233 1088 3311; x_wconf 91' lang='lat' dir='ltr'>qui</span> <span class='ocrx_word' id='word_1_236' title='bbox 1104 3236 1220 3294; x_wconf 87' lang='lat' dir='ltr'>tantum</span> <span class='ocrx_word' id='word_1_237' title='bbox 1244 3232 1369 3294; x_wconf 85' lang='lat' dir='ltr'>vnicum</span> 
     </span>
     <span class='ocr_line' id='line_1_30' title="bbox 248 3318 1369 3397; baseline -0.001 -13"><span class='ocrx_word' id='word_1_238' title='bbox 248 3318 405 3384; x_wconf 67' lang='lat' dir='ltr'>mutilium</span> <span class='ocrx_word' id='word_1_239' title='bbox 431 3319 567 3397; x_wconf 91' lang='lat' dir='ltr'>habebat,</span> <span class='ocrx_word' id='word_1_240' title='bbox 591 3321 668 3384; x_wconf 89' lang='lat' dir='ltr'>sicut</span> <span class='ocrx_word' id='word_1_241' title='bbox 690 3338 748 3383; x_wconf 89' lang='lat' dir='ltr'>uos</span> <span class='ocrx_word' id='word_1_242' title='bbox 772 3320 896 3397; x_wconf 68' lang='lat' dir='ltr'>habetis</span> <span class='ocrx_word' id='word_1_243' title='bbox 920 3319 974 3383; x_wconf 92' lang='lat' dir='ltr'>sed</span> <span class='ocrx_word' id='word_1_244' title='bbox 999 3325 1061 3382; x_wconf 89' lang='lat' dir='ltr'>erat</span> <span class='ocrx_word' id='word_1_245' title='bbox 1083 3321 1192 3383; x_wconf 89' lang='lat' dir='ltr'>infans.</span> <span class='ocrx_word' id='word_1_246' title='bbox 1238 3321 1369 3383; x_wconf 85' lang='lat' dir='ltr'>Tantum</span> 
     </span>
     <span class='ocr_line' id='line_1_31' title="bbox 303 3408 1370 3490; baseline 0 -20"><span class='ocrx_word' id='word_1_247' title='bbox 303 3408 398 3471; x_wconf 84' lang='lat' dir='ltr'>istum</span> <span class='ocrx_word' id='word_1_248' title='bbox 423 3408 567 3471; x_wconf 86' lang='lat' dir='ltr'>infantem</span> <span class='ocrx_word' id='word_1_249' title='bbox 592 3409 703 3487; x_wconf 89' lang='lat' dir='ltr'>dilexit,</span> <span class='ocrx_word' id='word_1_250' title='bbox 728 3409 813 3488; x_wconf 93' lang='lat' dir='ltr'>puod</span> <span class='ocrx_word' id='word_1_251' title='bbox 837 3410 895 3472; x_wconf 92' lang='lat' dir='ltr'>.lll.</span> <span class='ocrx_word' id='word_1_252' title='bbox 921 3409 1053 3473; x_wconf 87' lang='lat' dir='ltr'>nutrices</span> <span class='ocrx_word' id='word_1_253' title='bbox 1077 3428 1134 3490; x_wconf 92' lang='lat' dir='ltr'>pro</span> <span class='ocrx_word' id='word_1_254' title='bbox 1159 3410 1245 3490; x_wconf 90' lang='lat' dir='ltr'>pueri</span> <span class='ocrx_word' id='word_1_255' title='bbox 1269 3413 1370 3471; x_wconf 84' lang='lat' dir='ltr'>custo-</span> 
     </span>
     <span class='ocr_line' id='line_1_32' title="bbox 301 3496 1370 3578; baseline 0 -20"><span class='ocrx_word' id='word_1_256' title='bbox 301 3497 354 3558; x_wconf 95' lang='lat' dir='ltr'>dia</span> <span class='ocrx_word' id='word_1_257' title='bbox 361 3496 528 3560; x_wconf 88' lang='lat' dir='ltr'>ordinauit:</span> <span class='ocrx_word' id='word_1_258' title='bbox 541 3498 755 3578; x_wconf 88' lang='lat' dir='ltr'>primanutrix,</span> <span class='ocrx_word' id='word_1_259' title='bbox 765 3499 987 3576; x_wconf 85' lang='lat' dir='ltr'>uteumaleret;</span> <span class='ocrx_word' id='word_1_260' title='bbox 1000 3498 1142 3575; x_wconf 89' lang='lat' dir='ltr'>secunda,</span> <span class='ocrx_word' id='word_1_261' title='bbox 1156 3502 1189 3560; x_wconf 86' lang='lat' dir='ltr'>ut</span> <span class='ocrx_word' id='word_1_262' title='bbox 1195 3516 1266 3560; x_wconf 90' lang='lat' dir='ltr'>eum</span> <span class='ocrx_word' id='word_1_263' title='bbox 1279 3516 1370 3561; x_wconf 91' lang='lat' dir='ltr'>asor-</span> 
     </span>
     <span class='ocr_line' id='line_1_33' title="bbox 302 3585 1372 3664; baseline 0.003 -18"><span class='ocrx_word' id='word_1_264' title='bbox 302 3585 398 3648; x_wconf 91' lang='lat' dir='ltr'>dibus</span> <span class='ocrx_word' id='word_1_265' title='bbox 413 3585 538 3664; x_wconf 86' lang='lat' dir='ltr'>lauaret;</span> <span class='ocrx_word' id='word_1_266' title='bbox 561 3587 659 3663; x_wconf 88' lang='lat' dir='ltr'>tercia,</span> <span class='ocrx_word' id='word_1_267' title='bbox 684 3591 716 3648; x_wconf 87' lang='lat' dir='ltr'>ut</span> <span class='ocrx_word' id='word_1_268' title='bbox 732 3605 802 3649; x_wconf 93' lang='lat' dir='ltr'>eum</span> <span class='ocrx_word' id='word_1_269' title='bbox 818 3587 857 3648; x_wconf 91' lang='lat' dir='ltr'>ad</span> <span class='ocrx_word' id='word_1_270' title='bbox 874 3587 1095 3650; x_wconf 91' lang='lat' dir='ltr'>dormiendum</span> <span class='ocrx_word' id='word_1_271' title='bbox 1111 3587 1250 3650; x_wconf 80' lang='lat' dir='ltr'>alliceret</span> <span class='ocrx_word' id='word_1_272' title='bbox 1298 3586 1372 3649; x_wconf 89' lang='lat' dir='ltr'>Post</span> 
     </span>
     <span class='ocr_line' id='line_1_34' title="bbox 303 3675 1371 3755; baseline 0.002 -19"><span class='ocrx_word' id='word_1_273' title='bbox 303 3692 436 3754; x_wconf 89' lang='lat' dir='ltr'>puerum</span> <span class='ocrx_word' id='word_1_274' title='bbox 453 3675 543 3737; x_wconf 91' lang='lat' dir='ltr'>istum</span> <span class='ocrx_word' id='word_1_275' title='bbox 560 3675 624 3738; x_wconf 93' lang='lat' dir='ltr'>duo</span> <span class='ocrx_word' id='word_1_276' title='bbox 641 3675 779 3752; x_wconf 86' lang='lat' dir='ltr'>habebat,</span> <span class='ocrx_word' id='word_1_277' title='bbox 796 3693 857 3755; x_wconf 91' lang='lat' dir='ltr'>que</span> <span class='ocrx_word' id='word_1_278' title='bbox 873 3676 954 3738; x_wconf 93' lang='lat' dir='ltr'>miro</span> <span class='ocrx_word' id='word_1_279' title='bbox 970 3676 1066 3739; x_wconf 92' lang='lat' dir='ltr'>modo</span> <span class='ocrx_word' id='word_1_280' title='bbox 1076 3676 1188 3753; x_wconf 90' lang='lat' dir='ltr'>dilexit,</span> <span class='ocrx_word' id='word_1_281' title='bbox 1200 3694 1241 3739; x_wconf 83' lang='lat' dir='ltr'>se</span> <span class='ocrx_word' id='word_1_282' title='bbox 1252 3676 1371 3755; x_wconf 89' lang='lat' dir='ltr'>lepora-</span> 
     </span>
     <span class='ocr_line' id='line_1_35' title="bbox 250 3763 1370 3844; baseline 0 -18"><span class='ocrx_word' id='word_1_283' title='bbox 250 3780 290 3826; x_wconf 80' lang='lat' dir='ltr'>aas</span> <span class='ocrx_word' id='word_1_284' title='bbox 305 3763 387 3825; x_wconf 90' lang='lat' dir='ltr'>rium</span> <span class='ocrx_word' id='word_1_285' title='bbox 397 3763 547 3843; x_wconf 92' lang='lat' dir='ltr'>optimum</span> <span class='ocrx_word' id='word_1_286' title='bbox 556 3769 586 3826; x_wconf 91' lang='lat' dir='ltr'>et</span> <span class='ocrx_word' id='word_1_287' title='bbox 599 3783 694 3826; x_wconf 91' lang='lat' dir='ltr'>vnum</span> <span class='ocrx_word' id='word_1_288' title='bbox 707 3764 867 3826; x_wconf 83' lang='lat' dir='ltr'>falconem.</span> <span class='ocrx_word' id='word_1_289' title='bbox 893 3765 1076 3844; x_wconf 83' lang='lat' dir='ltr'>leporarius</span> <span class='ocrx_word' id='word_1_290' title='bbox 1092 3765 1154 3843; x_wconf 93' lang='lat' dir='ltr'>iste,</span> <span class='ocrx_word' id='word_1_291' title='bbox 1171 3765 1320 3844; x_wconf 90' lang='lat' dir='ltr'>quociens</span> <span class='ocrx_word' id='word_1_292' title='bbox 1331 3765 1370 3826; x_wconf 93' lang='lat' dir='ltr'>ad</span> 
     </span>
     <span class='ocr_line' id='line_1_36' title="bbox 303 3852 1372 3933; baseline 0.002 -19"><span class='ocrx_word' id='word_1_293' title='bbox 303 3852 439 3931; x_wconf 88' lang='lat' dir='ltr'>aliquam</span> <span class='ocrx_word' id='word_1_294' title='bbox 450 3852 576 3915; x_wconf 86' lang='lat' dir='ltr'>bestiam</span> <span class='ocrx_word' id='word_1_295' title='bbox 588 3853 726 3930; x_wconf 90' lang='lat' dir='ltr'>cucurrit,</span> <span class='ocrx_word' id='word_1_296' title='bbox 740 3853 865 3933; x_wconf 87' lang='lat' dir='ltr'>predam</span> <span class='ocrx_word' id='word_1_297' title='bbox 878 3854 982 3931; x_wconf 90' lang='lat' dir='ltr'>tenuit,</span> <span class='ocrx_word' id='word_1_298' title='bbox 995 3871 1137 3932; x_wconf 87' lang='lat' dir='ltr'>quosque</span> <span class='ocrx_word' id='word_1_299' title='bbox 1149 3853 1297 3916; x_wconf 92' lang='lat' dir='ltr'>dominus</span> <span class='ocrx_word' id='word_1_300' title='bbox 1305 3853 1372 3916; x_wconf 90' lang='lat' dir='ltr'>eius</span> 
     </span>
     <span class='ocr_line' id='line_1_37' title="bbox 302 3941 1371 4005; baseline 0 -3"><span class='ocrx_word' id='word_1_301' title='bbox 302 3941 395 4004; x_wconf 89' lang='lat' dir='ltr'>venit.</span> <span class='ocrx_word' id='word_1_302' title='bbox 444 3941 480 4003; x_wconf 83' lang='lat' dir='ltr'>Et</span> <span class='ocrx_word' id='word_1_303' title='bbox 501 3941 527 4004; x_wconf 92' lang='lat' dir='ltr'>si</span> <span class='ocrx_word' id='word_1_304' title='bbox 551 3941 698 4004; x_wconf 89' lang='lat' dir='ltr'>dominus</span> <span class='ocrx_word' id='word_1_305' title='bbox 720 3942 786 4005; x_wconf 90' lang='lat' dir='ltr'>eius</span> <span class='ocrx_word' id='word_1_306' title='bbox 808 3947 838 4004; x_wconf 91' lang='lat' dir='ltr'>at</span> <span class='ocrx_word' id='word_1_307' title='bbox 860 3942 976 4004; x_wconf 94' lang='lat' dir='ltr'>bellum</span> <span class='ocrx_word' id='word_1_308' title='bbox 1000 3943 1107 4005; x_wconf 92' lang='lat' dir='ltr'>debuit</span> <span class='ocrx_word' id='word_1_309' title='bbox 1128 3942 1271 4004; x_wconf 91' lang='lat' dir='ltr'>accedere</span> <span class='ocrx_word' id='word_1_310' title='bbox 1295 3946 1324 4003; x_wconf 92' lang='lat' dir='ltr'>et</span> <span class='ocrx_word' id='word_1_311' title='bbox 1339 3942 1371 4003; x_wconf 94' lang='lat' dir='ltr'>in</span> 
     </span>
     <span class='ocr_line' id='line_1_38' title="bbox 304 4029 1371 4109; baseline -0.001 -17"><span class='ocrx_word' id='word_1_312' title='bbox 304 4030 387 4092; x_wconf 92' lang='lat' dir='ltr'>bello</span> <span class='ocrx_word' id='word_1_313' title='bbox 422 4029 574 4109; x_wconf 88' lang='lat' dir='ltr'>expedire,</span> <span class='ocrx_word' id='word_1_314' title='bbox 610 4032 665 4093; x_wconf 94' lang='lat' dir='ltr'>.lll.</span> <span class='ocrx_word' id='word_1_315' title='bbox 697 4030 790 4093; x_wconf 88' lang='lat' dir='ltr'>saltus</span> <span class='ocrx_word' id='word_1_316' title='bbox 824 4031 871 4092; x_wconf 87' lang='lat' dir='ltr'>vel</span> <span class='ocrx_word' id='word_1_317' title='bbox 908 4031 964 4093; x_wconf 84' lang='lat' dir='ltr'>JV.</span> <span class='ocrx_word' id='word_1_318' title='bbox 992 4035 1061 4093; x_wconf 86' lang='lat' dir='ltr'>ante</span> <span class='ocrx_word' id='word_1_319' title='bbox 1091 4030 1255 4093; x_wconf 91' lang='lat' dir='ltr'>dominum</span> <span class='ocrx_word' id='word_1_320' title='bbox 1278 4047 1371 4092; x_wconf 91' lang='lat' dir='ltr'>suum</span> 
     </span>
     <span class='ocr_line' id='line_1_39' title="bbox 304 4117 1370 4198; baseline -0.001 -19"><span class='ocrx_word' id='word_1_321' title='bbox 304 4117 382 4195; x_wconf 86' lang='lat' dir='ltr'>lecit,</span> <span class='ocrx_word' id='word_1_322' title='bbox 407 4117 533 4197; x_wconf 91' lang='lat' dir='ltr'>quando</span> <span class='ocrx_word' id='word_1_323' title='bbox 556 4137 670 4198; x_wconf 90' lang='lat' dir='ltr'>equum</span> <span class='ocrx_word' id='word_1_324' title='bbox 694 4137 785 4181; x_wconf 89' lang='lat' dir='ltr'>suum</span> <span class='ocrx_word' id='word_1_325' title='bbox 809 4118 973 4182; x_wconf 88' lang='lat' dir='ltr'>ascendere</span> <span class='ocrx_word' id='word_1_326' title='bbox 996 4119 1127 4182; x_wconf 89' lang='lat' dir='ltr'>volebat.</span> <span class='ocrx_word' id='word_1_327' title='bbox 1161 4118 1192 4181; x_wconf 90' lang='lat' dir='ltr'>Si</span> <span class='ocrx_word' id='word_1_328' title='bbox 1216 4135 1290 4180; x_wconf 89' lang='lat' dir='ltr'>vero</span> <span class='ocrx_word' id='word_1_329' title='bbox 1307 4135 1370 4179; x_wconf 94' lang='lat' dir='ltr'>non</span> 
     </span>
     <span class='ocr_line' id='line_1_40' title="bbox 252 4205 1372 4288; baseline -0.002 -18"><span class='ocrx_word' id='word_1_330' title='bbox 252 4225 292 4270; x_wconf 76' lang='lat' dir='ltr'>aab</span> <span class='ocrx_word' id='word_1_331' title='bbox 306 4205 467 4287; x_wconf 86' lang='lat' dir='ltr'>expediret</span> <span class='ocrx_word' id='word_1_332' title='bbox 485 4207 516 4268; x_wconf 93' lang='lat' dir='ltr'>in</span> <span class='ocrx_word' id='word_1_333' title='bbox 541 4207 631 4285; x_wconf 91' lang='lat' dir='ltr'>bello,</span> <span class='ocrx_word' id='word_1_334' title='bbox 655 4207 824 4288; x_wconf 87' lang='lat' dir='ltr'>leporarius</span> <span class='ocrx_word' id='word_1_335' title='bbox 847 4208 955 4284; x_wconf 86' lang='lat' dir='ltr'>statim,</span> <span class='ocrx_word' id='word_1_336' title='bbox 979 4225 1049 4270; x_wconf 90' lang='lat' dir='ltr'>cum</span> <span class='ocrx_word' id='word_1_337' title='bbox 1073 4207 1221 4270; x_wconf 93' lang='lat' dir='ltr'>dominus</span> <span class='ocrx_word' id='word_1_338' title='bbox 1243 4205 1310 4268; x_wconf 91' lang='lat' dir='ltr'>eius</span> <span class='ocrx_word' id='word_1_339' title='bbox 1325 4223 1372 4268; x_wconf 89' lang='lat' dir='ltr'>as·</span> 
     </span>
    </p>
   </div>
   <div class='ocr_carea' id='block_1_5' title="bbox 0 0 1804 4884">
    <p class='ocr_par' dir='ltr' id='par_1_5' title="bbox 0 0 1804 4884">
     <span class='ocr_line' id='line_1_41' title="bbox 0 0 1804 4884; baseline 0 0"><span class='ocrx_word' id='word_1_340' title='bbox 0 0 1804 4884; x_wconf 95' lang='lat' dir='ltr'> </span> 
     </span>
    </p>
   </div>
  </div>
 </body>
</html>
