3584 4884
702 498 945 552 -141-

286 667 442 746 sapiencia
465 671 521 729 est:
546 667 734 746 ‘Numquam
759 668 933 748 hospicium
949 668 1050 748 capias
1069 669 1100 730 in
1116 669 1213 732 domo
1229 671 1357 734 alicuius

287 755 327 817 ad
345 755 533 818 manendum
550 755 590 818 de
606 760 702 835 nocte,
726 756 778 819 vbi
802 757 950 820 dominus
973 757 1087 820 domus
1107 759 1146 821 sit
1159 776 1252 822 senex
1268 759 1356 822 valde

288 848 318 906 et
341 863 419 906 vxor
441 845 627 907 iuuencuial'
675 846 742 908 Hec
770 846 826 907 111²
856 846 985 923 custodi,
1022 851 1052 908 et
1079 848 1158 910 bene
1185 848 1240 910 tibi
1264 849 1353 911 erit!a

289 933 459 1013 Imperator
495 933 522 994 ei
561 933 646 996 dedit
683 952 741 1014 pro
779 935 916 1014 qualibet
954 935 1105 1015 sapiencia
1138 938 1171 999 M
1210 937 1356 1002 florenos.

139 1007 140 1056 ἶ
232 1040 273 1084 aso
291 1031 320 1083 2.
355 1022 488 1084 Primam
519 1023 711 1102 sapienciam,
742 1023 866 1086 scilicet:
903 1024 1066 1104 Quidquid
1096 1043 1169 1104 agas
1196 1031 1258 1104 etc,
1289 1027 1358 1089 iecit

289 1110 383 1173 scribi
407 1111 438 1172 in
462 1111 537 1189 aula,
570 1111 601 1172 in
631 1130 750 1175 camera
773 1113 855 1174 etin
886 1113 1035 1176 omnibus
1065 1114 1148 1192 locis,
1179 1115 1210 1176 in
1242 1116 1356 1194 quibus

288 1199 448 1262 ambulare
470 1200 594 1277 solebat,
624 1201 655 1262 in
680 1201 797 1281 pannis,
826 1201 866 1264 de
889 1202 1004 1281 quibus
1027 1203 1247 1280 commedebat,
1272 1209 1301 1267 et
1324 1205 1355 1267 in

288 1289 496 1368 manutergiis.
544 1289 617 1352 Post
640 1290 698 1352 hec
728 1291 787 1353 cito
818 1297 944 1372 propter
973 1292 1120 1354 iusticiam
1151 1311 1238 1355 suam
1269 1294 1355 1355 multi

288 1377 328 1438 de
353 1377 483 1458 imperio
506 1377 655 1441 aduersus
679 1397 749 1442 eum
771 1381 994 1460 conspirabant,
1018 1384 1052 1442 ut
1074 1399 1144 1443 eum
1169 1382 1355 1459 occiderent;

232 1484 274 1529 aas
290 1465 345 1528 sed
370 1485 425 1545 per
447 1467 526 1529 viam
551 1467 690 1546 potencie
720 1469 780 1531 hoc
802 1486 866 1532 non
890 1473 1030 1549 poterant
1050 1469 1226 1549 adimplere.
1273 1470 1354 1534 Cum

288 1555 504 1618 barbitonsore
527 1556 593 1618 eius
616 1557 830 1636 loquebantur,
855 1576 910 1638 per
933 1559 1105 1621 mercedem
1129 1563 1169 1636 ut,
1193 1579 1263 1621 cum
1287 1561 1356 1622 bar-

289 1643 360 1707 bam
385 1645 451 1707 eius
475 1644 599 1722 raderet,
624 1649 728 1724 guttur
750 1646 817 1708 eius
839 1645 1016 1709 abscideret.
1060 1648 1260 1711 Barbitonsor
1281 1668 1355 1712 vero

288 1737 409 1812 accepta
432 1732 471 1796 ab
495 1733 539 1796 eis
571 1735 718 1814 peccunia
747 1735 879 1798 fideliler
911 1737 1052 1816 promisit
1079 1737 1155 1798 illud
1178 1737 1355 1818 adimplere.

289 1820 371 1884 Cum
395 1839 470 1884 vero
494 1823 714 1902 imperatorin
744 1824 886 1904 proximo
910 1823 976 1886 radi
999 1825 1131 1902 deberet,
1160 1826 1356 1891 barbitonsor

234 1928 275 1973 sio
290 1928 322 1973 se
339 1929 395 1990 per
409 1911 515 1974 omnia
530 1911 655 1992 parauit,
680 1913 753 1974 lauit
773 1914 900 1976 barbam
916 1917 946 1975 et
960 1913 1073 1994 incepit
1088 1914 1201 1992 radere,
1226 1918 1357 1997 respexit

290 1999 425 2077 interius,
464 2000 541 2063 vidit
578 2002 804 2081 manutergium
843 2002 922 2065 circa
959 2003 1082 2080 collum,
1121 2004 1152 2065 in
1191 2023 1256 2083 quo
1294 2011 1357 2068 erat

288 2089 448 2168 scriptum:
466 2088 629 2169 Quidquid
645 2109 718 2170 agas
734 2094 787 2153 etc.
816 2091 1017 2154 Barbitonsor
1032 2110 1102 2155 cum
1118 2098 1197 2155 esset
1212 2095 1355 2157 litteratus

289 2180 317 2239 et
339 2177 534 2241 intellexisset
560 2179 751 2259 scripturam,
780 2180 857 2243 intra
880 2198 913 2242 se
937 2181 1100 2260 cogitabat:
1133 2183 1258 2247 „Hodie
1284 2201 1354 2246 sum

289 2266 467 2344 conductus,
500 2272 534 2329 ut
560 2268 652 2330 istum
681 2268 839 2331 hominem
864 2269 1052 2332 interficiam.
1098 2270 1129 2334 Si
1158 2272 1218 2334 hoc
1244 2272 1354 2350 fecero,

236 2355 361 2417 malinis
390 2373 478 2418 meus
506 2357 561 2418 erit
591 2357 750 2436 pessimus,
782 2358 854 2437 quia
882 2363 980 2420 morte
1009 2359 1184 2438 turpissima
1207 2379 1261 2424 ero
1284 2380 1355 2424 con-

288 2443 480 2524 dempnatus.
516 2445 669 2525 Quitquid
690 2465 762 2526 agas
778 2451 831 2510 etc.
867 2447 990 2510 Bonum
1015 2454 1067 2525 est,
1091 2453 1125 2510 ut
1146 2449 1241 2512 iinem
1263 2451 1353 2513 istum

289 2533 448 2612 respiciam
480 2538 509 2596 et
537 2553 555 2596 a
585 2535 667 2598 malo
698 2537 858 2616 proposito
890 2536 1054 2598 resistam«
1109 2537 1213 2600 Statim
1245 2557 1355 2602 manus

288 2621 353 2684 eius
384 2627 530 2702 ceperunt
561 2628 703 2703 tremere,
742 2624 829 2704 quod
861 2626 1014 2688 nouacula
1045 2626 1084 2688 de
1116 2627 1259 2690 manibus
1289 2629 1355 2691 eius

289 2710 404 2774 cecidit.
441 2712 508 2774 Hec
523 2711 631 2775 videns
647 2713 813 2794 imperator
835 2715 877 2776 ait
900 2714 941 2776 ei:
968 2715 1048 2779 „Dic
1064 2716 1164 2793 michi,
1190 2716 1354 2795 karissime,

237 2816 277 2863 oso
291 2799 366 2878 quid
390 2804 436 2862 est
457 2800 554 2863 tibi?“
595 2801 634 2864 At
649 2803 712 2866 ille:
740 2802 791 2870 „0
807 2801 943 2879 domine,
968 2804 1202 2866 misereremei!
1251 2805 1355 2868 Hodie

288 2889 456 2968 apreciatus
486 2907 564 2967 sum,
600 2895 634 2952 ut
665 2896 693 2953 te
724 2891 894 2954 occiderem
902 2914 909 2969 i
944 2893 999 2954 sed
1028 2893 1106 2955 sicut
1140 2893 1217 2956 deus
1248 2895 1354 2972 uoluit,

288 2977 469 3057 scripturam
493 2979 556 3041 vidi
580 2979 611 3041 in
636 2980 841 3060 manutergio:
867 2980 1031 3060 Quidquid
1054 3000 1127 3061 agas
1150 2987 1203 3044 etc.
1249 2983 1354 3046 Statim

288 3066 490 3144 consideraui,
515 3067 601 3148 quod
624 3069 697 3132 iinis
713 3087 801 3132 meus
824 3073 903 3132 esset
926 3087 1010 3132 mors
1033 3071 1215 3151 turpissima,
1240 3077 1269 3134 et
1284 3071 1354 3135 ideo

288 3173 399 3218 manus
430 3174 498 3219 mee
524 3157 721 3220 tremebanta
772 3163 800 3220 3.
825 3159 993 3238 imperator
1025 3178 1094 3222 cum
1126 3161 1186 3223 hoc
1212 3160 1355 3241 audisset,

139 3269 140 3296 r
234 3261 274 3308 noo
289 3244 368 3306 intra
382 3263 416 3307 se
431 3245 594 3324 cogitabat:
614 3248 695 3312 „lam
712 3247 811 3326 prima
825 3247 979 3326 sapiencia
990 3248 1081 3310 vitam
1098 3267 1197 3311 meam
1213 3250 1354 3328 saluauit,

288 3334 371 3396 bona
387 3335 464 3396 hora
476 3335 612 3414 precium
630 3354 687 3416 pro
703 3354 739 3398 ea
754 3335 854 3398 dedit
873 3335 924 3398 Ait
939 3337 1158 3400 barbitonson':
1178 3338 1355 3403 „Ammodo

287 3422 330 3485 sis
345 3422 455 3499 fidelis,
479 3429 507 3486 et
523 3424 583 3486 hoc
597 3424 652 3487 tibi
669 3424 817 3489 dimittor
856 3425 981 3505 Satrape
996 3426 1116 3506 imperii
1134 3427 1195 3490 hoc
1209 3428 1354 3505 videntes,

287 3511 374 3591 quod
399 3529 463 3574 non
495 3517 620 3592 possent
643 3532 713 3575 eum
746 3533 801 3593 per
828 3513 911 3575 illam
935 3515 1016 3577 viam
1045 3515 1192 3593 occidere,
1223 3516 1300 3578 intra
1322 3535 1355 3580 se

287 3600 461 3677 tractabant,
485 3602 647 3680 quomodo
664 3621 734 3664 eum
752 3603 933 3666 occiderent.
972 3604 1020 3667 Ad
1044 3605 1176 3667 inuicem
1200 3605 1354 3668 dixerunt:

232 3705 274 3751 oso
292 3689 377 3754 „Tali
401 3693 539 3770 tempore
555 3691 674 3754 recedet
689 3709 795 3754 versus
811 3692 901 3754 talem
918 3693 1077 3755 ciuitatem.
1112 3693 1216 3756 Simus
1239 3694 1290 3756 illa
1305 3694 1355 3757 die

286 3777 459 3840 absconditi
483 3780 515 3841 in
538 3781 652 3858 semita,
676 3799 839 3860 perquam
856 3781 987 3859 transiet,
1011 3786 1040 3844 et
1053 3801 1123 3844 eum
1140 3783 1351 3846 occidamus!u

288 3867 441 3930 Dicebant
462 3867 525 3930 alii:
560 3869 702 3932 „Bonum
732 3874 776 3933 est
806 3870 1000 3933 consiliumu
1049 3872 1215 3951 imperator
1242 3872 1352 3934 eodem

286 3959 426 4036 tempore
450 3957 574 4036 parabat
596 3976 636 4034 se,
668 3962 787 4020 etcum
815 3959 873 4036 (Βί.
900 3960 985 4038 83ν.)
1010 3960 1173 4038 equitasset
1194 3979 1292 4039 vsque
1313 3962 1353 4023 ad

285 4045 426 4108 semitam
451 4045 541 4121 illam,
573 4046 716 4108 dixerunt
738 4047 765 4109 ei
790 4048 900 4110 milites
923 4048 1001 4110 eius:
1040 4049 1204 4125 „Domine
1234 4050 1352 4112 bonum

229 4151 271 4196 995
286 4138 333 4196 est
355 4151 391 4196 ac
413 4133 515 4196 utilius
546 4153 600 4214 per
630 4135 716 4197 istam
745 4137 882 4198 semitam
913 4139 1040 4200 transire
1069 4156 1162 4217 quam
1186 4157 1242 4217 per
1264 4138 1351 4200 latam

283 4223 376 4298 viam,
409 4221 481 4301 quia
505 4223 710 4302 propinquior
737 4229 782 4287 est
804 4243 839 4287 ac
863 4226 1037 4288 mundiora
1087 4228 1253 4306 imperator
1276 4227 1353 4288 intra
