3584 4884
839 409 1057 465 „94-

416 580 550 660 proiecit,
575 584 608 642 ut
623 579 826 643 reuiuisceret
851 579 989 644 Occulos
1003 579 1144 660 apperuit
1159 584 1188 642 et
1202 579 1290 642 dixit:
1317 579 1485 645 „Celeriter

416 669 508 732 michi
532 668 720 731 sacerdotem
744 669 875 748 querite!
914 670 989 732 Ecce
1012 669 1130 732 morior
1152 673 1278 748 propter
1300 669 1483 748 sanguinem

416 758 548 822 effusum
574 757 612 820 de
636 757 733 836 digito
757 758 861 820 vxoris
884 759 986 820 mee!u
1026 757 1142 819 famuli
1167 758 1228 820 hoc
1250 756 1388 820 videntes
1402 776 1485 822 vnus

416 851 485 926 post
507 847 601 908 alium
628 846 667 908 ad
697 846 854 909 ecclesiam
885 846 1019 909 cucurrit
1049 864 1106 926 pro
1129 846 1293 924 sacerdote,
1325 851 1357 909 vt
1378 865 1483 910 secum

353 948 529 1016 1ooocorpus
553 934 667 998 Christi
692 938 835 1014 portaret;
866 934 921 998 sed
945 953 1014 998 ecce
1043 939 1159 996 tautum
1190 934 1331 998 dolorem
1361 936 1484 1016 accepit,

416 1023 511 1104 quod,
535 1028 697 1103 antequam
721 1023 864 1087 sacerdos
887 1024 977 1099 venit,
1001 1023 1101 1086 emisit
1123 1023 1275 1103 spiritum.
1325 1025 1373 1088 De
1395 1025 1485 1088 cuius

417 1117 514 1175 morte
535 1112 630 1175 lactus
652 1117 698 1175 est
720 1112 858 1192 planctus
874 1130 1007 1192 magnus
1030 1112 1061 1174 in
1085 1112 1213 1174 ciuitate.
1248 1112 1385 1176 Domina
1400 1132 1484 1190 vero,

416 1201 492 1262 vltra
515 1219 608 1280 quam
636 1200 718 1264 credi
747 1205 853 1280 potest,
883 1201 1016 1281 gemitus
1039 1205 1068 1262 et
1095 1201 1227 1281 suspiria
1250 1202 1405 1265 emittebat
1427 1221 1485 1265 nec

416 1289 568 1352 consolari
591 1289 720 1366 volebat,
748 1290 803 1352 sed
826 1289 949 1352 cottidie
972 1290 1132 1353 clamabat:
1164 1291 1256 1354 „lieu
1280 1291 1382 1369 michi,
1406 1291 1483 1354 heu!

353 1378 483 1458 nunquit
505 1378 612 1441 iaciam
636 1380 717 1458 ego?
766 1380 830 1458 Ego
854 1379 932 1441 sicut
954 1383 1053 1440 turtur
1075 1378 1115 1440 de
1137 1383 1237 1442 cetero
1261 1380 1350 1442 erou
1399 1379 1484 1442 Cum

418 1485 528 1546 magna
551 1467 763 1547 solempnitate
786 1485 857 1530 eum
881 1467 1075 1547 sepelierunt.
1115 1468 1186 1547 lpso
1209 1468 1331 1547 sepulto
1354 1467 1485 1531 domina

417 1574 539 1636 semper
560 1574 655 1636 super
676 1555 851 1636 sepulcrum
874 1556 942 1619 eius
965 1555 1081 1620 cecidit
1126 1556 1225 1618 Amici
1248 1557 1393 1620 volebant
1415 1575 1484 1620 eam

417 1663 603 1722 ammouere,
635 1645 685 1708 illa
707 1662 782 1708 vero
805 1649 912 1707 votum
940 1644 1001 1707 deo
1029 1644 1117 1707 uouit
1139 1645 1226 1724 quod
1254 1663 1414 1725 nunquam
1444 1646 1486 1709 de

420 1733 473 1797 illo
504 1733 664 1810 recederet
694 1733 749 1798 sed
782 1737 908 1814 propter
937 1751 1074 1796 amorem
1105 1734 1162 1795 viri
1193 1733 1241 1797 sui
1272 1734 1314 1796 ibi
1342 1735 1485 1814 spiritum

355 1823 573 1886 1osoemitteret.
621 1823 834 1902 Dixeruntque
856 1823 959 1885 amici:
994 1821 1045 1887 „0
1068 1822 1196 1885 domina
1219 1823 1384 1900 karissima,
1407 1823 1486 1903 quid

419 1911 544 1992 prodest
565 1911 667 1974 anime
682 1929 738 1974 sue
761 1911 849 1973 utin
873 1911 931 1974 isto
955 1911 1026 1974 loco
1049 1912 1194 1974 maneas?
1233 1911 1346 1974 Melius
1369 1912 1486 1975 esttibi

418 2001 548 2064 domum
566 2018 700 2080 pergere,
725 2001 822 2080 largas
834 2000 1027 2082 elemosynas
1043 2017 1100 2080 pro
1115 2000 1218 2062 anima
1232 2019 1289 2062 sua
1304 2005 1486 2080 perpetrare,

418 2107 511 2168 quam
543 2089 573 2150 in
610 2089 680 2152 loco
711 2089 768 2152 isto
803 2093 832 2151 te
866 2089 964 2169 ipsam
999 2091 1216 2152 consumere!u
1264 2089 1303 2151 At
1332 2089 1396 2152 illa:
1434 2089 1486 2154 „0

419 2177 543 2256 pessimi
567 2177 745 2240 consiliarii!
781 2177 870 2240 Absit
892 2177 979 2257 quod
1002 2178 1042 2240 de
1065 2177 1134 2240 loco
1158 2178 1216 2240 isto
1240 2179 1388 2256 recedam,
1412 2179 1487 2258 quia

355 2282 409 2329 ross
419 2284 476 2345 pro
493 2265 558 2328 eius
573 2284 678 2329 amore
701 2265 752 2328 hic
774 2266 847 2328 volo
871 2267 959 2344 mori,
983 2267 1037 2346 qui
1061 2284 1118 2347 pro
1138 2285 1209 2329 meo
1224 2284 1329 2329 amore
1345 2271 1487 2330 mortuus

419 2353 497 2416 estlu
534 2353 633 2416 Amici
650 2353 716 2416 eius
731 2353 870 2417 videntes
894 2355 954 2417 hoc
969 2356 1045 2417 vltra
1068 2355 1243 2434 sepulcrum
1267 2355 1334 2417 eius
1357 2374 1485 2435 paruam

419 2460 518 2506 casam
542 2442 569 2505 ei
593 2442 736 2520 fecerunt,
769 2442 799 2503 in
824 2460 886 2521 qua
902 2443 1007 2506 omnia
1030 2444 1198 2506 necessaria
1221 2448 1403 2524 posuerunt;
1434 2445 1487 2507 illa

419 2531 463 2594 sic
485 2531 602 2594 inclusa
625 2535 820 2594 recesserunt.
869 2532 938 2594 Erat
966 2536 1039 2595 tunc
1070 2533 1218 2612 temporis
1248 2533 1295 2595 lex
1329 2533 1360 2594 in
1389 2551 1487 2612 regno

420 2620 474 2683 illo
497 2619 592 2699 quod,
616 2619 642 2682 si
666 2619 741 2683 latro
766 2624 844 2682 esset
866 2624 980 2701 captus,
1004 2621 1176 2684 vicecomes
1199 2621 1293 2700 patrie
1308 2639 1341 2684 se
1357 2627 1488 2685 armaret

357 2725 411 2771 1070
421 2713 450 2771 et
472 2727 527 2789 per
549 2713 642 2771 totam
667 2712 787 2771 noctem
803 2708 841 2770 ad
859 2709 1095 2773 custodiendum
1120 2710 1268 2772 latronem
1292 2711 1323 2772 in
1348 2711 1487 2791 patibulo

421 2798 451 2859 in
476 2797 601 2878 propria
624 2815 756 2877 persona
778 2798 953 2860 custodiret.
999 2798 1129 2862 sivero
1157 2799 1233 2862 latro
1256 2803 1335 2862 esset
1359 2799 1486 2876 ablatus,

419 2886 590 2949 vicecomes
613 2903 722 2949 omnes
744 2890 838 2950 terras
861 2904 932 2950 suas
959 2888 1099 2967 perderet
1121 2892 1150 2949 et
1171 2887 1232 2950 vita
1253 2905 1309 2950 sua
1332 2888 1363 2950 in
1386 2888 1488 2967 gracia

421 2975 501 3054 regis
524 2978 609 3038 esset
647 2974 765 3038 Accidit
787 2975 873 3054 quod
898 2976 951 3038 illo
974 2976 1033 3053 die,
1057 2994 1121 3056 quo
1145 2976 1233 3038 miles
1255 2977 1394 3056 sepultus
1416 2981 1487 3055 erat,

420 3063 546 3143 quidam
571 3064 647 3126 latro
670 3067 749 3126 esset
775 3068 881 3145 captus
904 3069 933 3127 et
956 3065 987 3126 in
1016 3065 1154 3146 patibulo
1176 3083 1354 3145 suspensus.
1400 3066 1488 3128 Vice-

357 3169 525 3215 1orsc0mes
547 3170 621 3215 vero
645 3152 844 3232 personaliter
866 3171 900 3216 se
923 3153 1053 3216 armauit
1075 3153 1164 3216 etad
1188 3154 1369 3233 patibulum,
1400 3154 1487 3234 quod

421 3245 484 3303 erat
506 3241 588 3304 iuxta
611 3241 802 3319 cimiterium,
833 3242 989 3322 equitauit
1038 3242 1122 3304 Dum
1151 3260 1225 3305 vero
1256 3243 1371 3305 ibidem
1401 3247 1488 3321 esset,

420 3334 536 3392 tantum
553 3330 695 3410 geluerat,
720 3329 805 3410 quod
822 3331 984 3394 videbatur
1000 3331 1086 3392 militi
1103 3332 1244 3411 spiritum
1261 3332 1403 3409 emittere,
1428 3332 1488 3394 nisi

421 3422 525 3498 posset
536 3437 568 3482 se
580 3419 618 3480 ad
632 3419 735 3498 ignem
744 3419 915 3482 osleiacere.
930 3419 1072 3500 Respexit
1079 3419 1118 3482 ad
1127 3420 1308 3482 cimiterium
1316 3420 1489 3500 vidensque

422 3507 526 3569 lumen
540 3508 620 3586 ignis
633 3507 663 3568 in
677 3525 744 3570 casa
756 3507 884 3570 domine
894 3509 1043 3588 percussit
1054 3527 1168 3588 equum
1182 3527 1252 3570 cum
1265 3509 1440 3586 calcaribus,
1448 3509 1487 3571 ad

358 3613 412 3660 roso
422 3596 603 3658 cimiterium
620 3596 710 3674 venit,
735 3597 883 3676 percussit
897 3597 937 3659 ad
953 3615 1053 3660 casam
1070 3597 1209 3659 exterius.
1249 3597 1392 3674 Domina,
1416 3616 1488 3660 cum

421 3685 563 3762 audisset,
587 3685 732 3764 quesiuit:
759 3684 850 3758 „Que
866 3689 938 3747 sunt
953 3686 1011 3763 illa,
1036 3704 1097 3765 que
1111 3685 1206 3748 audio
1222 3686 1272 3748 tali
1288 3687 1405 3749 hora?¹¹
1438 3687 1491 3749 Ait

423 3773 522 3837 miles:
550 3773 707 3838 „Domina
723 3773 887 3851 karissima,
912 3793 972 3853 ego
987 3792 1057 3837 sum
1073 3774 1193 3837 vicinus
1207 3778 1286 3852 tuus,
1309 3775 1489 3853 vicecomes,

423 3863 476 3943 qui
497 3862 547 3925 hic
570 3863 669 3944 pulsu.
716 3862 845 3924 Tantum
871 3862 910 3925 de
933 3862 1048 3942 frigore
1071 3863 1179 3941 habeo,
1196 3863 1282 3942 quod
1299 3864 1391 3926 michi
1408 3865 1489 3927 mori

422 3951 523 4030 video,
556 3951 614 4014 nisi
637 3951 676 4013 ad
706 3951 808 4030 ignem
832 3951 971 4014 sedero.u
1019 3951 1143 4014 Atilia:
1177 3951 1305 4015 „Timeo
1335 3951 1432 4030 valde,
1462 3954 1489 4015 si

360 4059 415 4105 roso
424 4040 534 4104 intrare
551 4040 692 4121 permitto
704 4045 740 4117 te,
757 4039 844 4119 quod
860 4040 963 4120 aliqua
975 4041 1067 4102 michi
1080 4040 1334 4103 inconueniencia
1349 4041 1491 4104 intendas

424 4130 538 4210 loqui,u
588 4128 652 4203 Qui
676 4129 729 4192 ait:
757 4128 922 4204 „Domina
946 4129 1075 4190 tirmiter
1104 4128 1250 4208 promitto
1280 4128 1365 4208 quod
1395 4130 1488 4192 nichil
