3584 4884
701 438 922 496 -⁶3-

275 612 428 675 foramine
462 615 624 674 exeuntem
659 615 687 673 et
720 609 758 672 ad
790 628 920 690 puerum
954 609 1147 673 accedentem
1177 614 1212 672 ut
1240 610 1343 689 ipsum

275 700 456 779 offenderet,
488 700 587 781 rapuit
617 700 718 781 ipsum
742 703 771 761 et
797 717 868 762 eum
901 699 931 761 in
964 699 1060 761 trusta
1089 699 1285 776 detruncavit,
1316 704 1346 761 et

276 790 422 853 remansit
445 808 482 852 os
509 790 592 852 canis
622 789 772 869 sanguine
803 787 965 868 pollutum.
1011 789 1047 850 Et
1069 788 1181 850 iactum
1205 792 1251 850 est
1272 806 1343 851 cum

276 878 389 943 rediret
412 879 559 941 heremita
581 878 621 941 de
640 878 737 941 domo
753 878 842 957 regis,
864 881 970 957 aperto
985 877 1073 954 ostio,
1097 876 1189 939 exivit
1209 876 1249 939 ad
1271 894 1343 939 eum

224 986 263 1033 ros
278 967 371 1045 caniS,
403 971 433 1029 et
454 967 564 1030 videns
587 967 732 1029 heremita
755 985 791 1029 os
814 966 897 1029 canis
920 984 987 1029 esse
1008 966 1160 1045 sanguine
1182 964 1344 1045 pollutum,

276 1056 429 1119 estimavit
459 1074 590 1137 puerum
624 1054 792 1119 offendisse
823 1059 853 1118 et
883 1055 1057 1136 percutiens
1086 1055 1189 1135 ipsum
1220 1055 1345 1132 fortiter,

276 1144 427 1207 interiecit
456 1145 556 1222 iilum,
596 1162 653 1207 nec
682 1144 843 1208 meditatus
873 1149 919 1206 est
948 1145 980 1206 in
1010 1161 1070 1207 suo
1099 1144 1188 1207 iacto.
1236 1143 1346 1206 Postea

275 1251 351 1296 vero
376 1234 497 1295 intravit
524 1234 654 1296 domum
686 1236 726 1309 et,
762 1234 887 1295 invento
918 1251 1016 1313 puero
1046 1234 1117 1296 vivo
1147 1237 1177 1295 et
1204 1237 1346 1313 serpente

276 1326 403 1385 mortuo
427 1326 495 1385 ante
518 1322 628 1402 ipsum,
659 1322 745 1385 scivit
771 1322 920 1402 quoniam
949 1322 1032 1385 carris
1058 1326 1231 1402 serpentem
1255 1322 1346 1385 inter-

226 1431 263 1476 no
276 1412 397 1475 fecerat.
447 1412 482 1473 Et
504 1410 633 1491 penituit
663 1430 734 1473 eum
763 1410 850 1473 valde
880 1415 910 1473 et
935 1410 1036 1473 doluit
1064 1411 1195 1473 multum
1227 1410 1346 1475 dicens:

279 1500 407 1565 Utinam
444 1517 507 1562 non
543 1504 631 1562 natus
662 1504 740 1563 esset
773 1518 851 1579 puer
884 1499 940 1562 iste
969 1504 1000 1562 et
1028 1517 1092 1563 non
1128 1499 1345 1563 interfecissem

277 1607 386 1651 canem
423 1607 540 1665 meum,
579 1607 636 1651 nec
669 1606 725 1668 pro
760 1592 843 1651 tanto
874 1588 960 1651 bono
990 1593 1106 1650 tantum
1137 1588 1345 1652 retribuissem

278 1677 396 1739 malum
421 1678 463 1740 ei!
498 1677 582 1739 Talia
604 1676 687 1739 euim
703 1680 776 1740 sunt
790 1694 884 1757 opera
908 1677 990 1740 illius
1012 1677 1066 1757 qui
1087 1677 1225 1757 ingratus
1247 1682 1292 1741 est
1306 1678 1347 1740 de

278 1766 409 1847 receptis
439 1766 606 1829 beneficiis.
661 1767 697 1829 Et
727 1766 849 1829 rediens
878 1766 989 1828 mulier
1018 1766 1057 1828 ad
1088 1766 1219 1829 domum
1249 1784 1346 1843 suam,

226 1875 265 1919 us
278 1855 357 1918 vidit
372 1872 479 1917 canem
496 1859 524 1918 et
539 1858 711 1936 serpentem
728 1855 909 1919 interiectos.
942 1855 978 1916 Et
992 1855 1189 1934 interrogavit
1204 1856 1346 1917 maritum

277 1962 375 2025 super
397 1944 467 2007 hoc.
503 1944 564 2007 Cui
580 1944 722 2025 exposuit
737 1944 911 2023 negocium.
945 1944 981 2006 Et
1002 1944 1044 2006 ait
1064 1944 1104 2006 ad
1127 1962 1199 2006 eum
1223 1944 1346 2007 mulier:

278 2033 363 2096 Talis
385 2038 432 2096 est
452 2033 569 2096 tructus
592 2033 755 2096 cuiuslibet
768 2033 886 2113 agentis
902 2050 995 2112 opera
1018 2050 1074 2096 sua
1089 2051 1160 2096 cum
1176 2034 1348 2097 festinantia

278 2140 336 2185 nec
352 2121 543 2203 providentis
559 2140 607 2185 res
621 2127 784 2201 antequam
801 2125 959 2202 pertractet
972 2139 1036 2199 eas;
1059 2122 1250 2201 quicumque
1264 2124 1346 2185 enim

278 2211 372 2275 simili
397 2210 494 2275 modo
518 2211 587 2275 tacit
609 2210 756 2292 penitebit
778 2214 807 2273 et
821 2211 1048 2273 contristabitur
1069 2215 1099 2273 et
1122 2229 1185 2273 non
1210 2211 1349 2292 proficiet

228 2318 266 2364 rm
280 2300 307 2363 ei
332 2300 500 2380 quicquam
525 2318 626 2380 neque
649 2300 735 2363 cedet
757 2299 797 2361 de
819 2317 877 2362 suo
901 2298 995 2362 corde
1017 2299 1148 2362 tristicia.

664 2449 713 2505 rs.
750 2441 804 2521 [ε
828 2440 859 2505 s,
885 2442 970 2521 aaa]

372 2567 479 2628 Fertur
513 2566 612 2645 quod,
651 2584 722 2629 cum
754 2566 925 2628 ambularet
955 2566 1082 2646 quidam
1118 2566 1265 2629 heremita
1294 2585 1350 2646 per

279 2656 371 2732 viam,
402 2654 479 2717 vidit
501 2655 622 2717 foveam
639 2673 732 2735 quam
756 2654 897 2717 foderant
920 2660 1080 2718 venatores
1101 2655 1141 2717 ad
1165 2655 1347 2735 capiendum

279 2744 425 2807 animalia
448 2747 481 2806 ut
503 2761 560 2807 sua
583 2744 664 2807 coria
680 2743 878 2807 decoriarent
913 2744 956 2820 Et,
980 2744 1146 2824 inspiciens
1159 2743 1199 2806 ad
1215 2744 1348 2807 fundum

280 2834 379 2911 iovee,
404 2832 481 2895 vidit
503 2832 546 2896 ibi
570 2832 728 2897 hominem
745 2832 799 2913 qui
815 2837 878 2895 erat
892 2833 1053 2911 aurifaber,
1076 2837 1191 2895 etcum
1211 2852 1249 2896 eo
1265 2838 1351 2896 erant

231 2940 267 2987 oo
280 2940 416 3003 symeus,
440 2940 568 3002 serpens
590 2926 619 2985 et
642 2922 753 3002 vipera,
778 2940 835 2984 nec
858 2922 944 2984 illurn
965 2921 1124 2985 hominem
1148 2922 1349 2985 offenderant.

281 3013 317 3074 Et
353 3010 463 3074 videns
497 3012 553 3073 bec
587 3010 733 3073 heremita
767 3010 910 3090 cogitavit
944 3010 1063 3074 dicens:
1100 3010 1233 3073 Advenit
1267 3030 1351 3075 nunc

279 3106 405 3179 tempus
427 3118 492 3179 quo
515 3118 658 3180 magnam
683 3098 924 3163 misericordiam
949 3100 1101 3178 exhibeas,
1133 3118 1245 3163 eruens
1268 3101 1351 3163 hunc

282 3189 443 3252 hominem
468 3188 507 3251 de
530 3188 673 3252 dentibus
696 3189 942 3251 adversariorum
967 3206 1105 3252 suorum.
1142 3190 1177 3251 Et
1199 3189 1351 3269 accipiens

281 3278 390 3341 iunem
415 3277 518 3339 iniecit
540 3296 606 3340 eam
631 3278 661 3339 in
686 3278 816 3354 foveam,
847 3296 941 3357 quam
965 3296 1089 3358 symeus
1115 3278 1351 3359 apprehendens

232 3384 268 3429 rao
282 3384 339 3430 sua
363 3366 481 3428 levitate
503 3366 639 3429 ascendit
654 3386 708 3447 per
723 3386 799 3429 eam.
833 3368 869 3429 Et
892 3366 1032 3429 iniiciens
1046 3367 1152 3429 funem
1169 3366 1350 3429 secundario

281 3454 419 3518 ascendit
453 3455 564 3535 vipera,
599 3460 629 3517 et
662 3455 802 3519 iniiciens
831 3455 926 3518 tercio
962 3454 1098 3517 ascendit
1126 3473 1261 3535 serpens,
1296 3456 1350 3534 qui

282 3562 402 3621 omnes
426 3548 679 3623 recognoscentes
702 3545 829 3624 gratiam
853 3544 927 3621 eius,
952 3543 1107 3623 regraciati
1130 3548 1203 3607 sunt
1226 3544 1278 3607 illi.
1316 3545 1352 3606 Et

282 3633 391 3696 dicunt
413 3632 454 3695 ei:
486 3633 690 3713 Nequaquam
719 3634 795 3697 velis
818 3633 948 3696 educere
977 3633 1060 3694 hunc
1087 3633 1246 3695 hominem
1269 3633 1351 3711 inde,

282 3724 357 3802 quia
380 3740 445 3785 non
461 3722 552 3785 estin
568 3726 647 3785 terra
662 3722 779 3802 aliquid
796 3740 913 3802 negans
930 3721 1115 3784 beneficium
1131 3722 1189 3784 sibi
1207 3721 1350 3784 collatum

235 3828 271 3874 rao
284 3811 363 3875 sicut
385 3811 483 3874 homo
506 3814 535 3873 et
558 3811 702 3890 precipue
725 3811 803 3873 sicut
825 3811 875 3873 hic
890 3811 996 3874 homo.
1030 3812 1066 3872 Et
1080 3810 1156 3872 dixit
1170 3810 1198 3873 ei
1214 3828 1351 3891 symeus:

283 3900 367 3964 Scias
390 3918 495 3961 meum
521 3899 727 3961 habitaculum
744 3917 810 3963 esse
826 3899 858 3961 in
873 3900 925 3961 tali
942 3900 1025 3976 loco;
1049 3903 1078 3962 et
1100 3898 1176 3961 dixit
1191 3899 1218 3961 ei
1234 3899 1351 3979 vipera:

284 3990 320 4052 Et
342 4008 402 4069 ego
426 3988 458 4050 in
488 3988 555 4050 lacu
584 3988 636 4067 qui
665 4006 763 4068 prope
786 3992 831 4051 est
861 3988 922 4051 illic
944 4006 1065 4065 moror;
1095 3992 1125 4049 at
1146 4005 1285 4067 serpens:
1317 3988 1353 4050 Et

283 4096 342 4157 ego
372 4078 404 4140 in
436 4076 569 4139 ilumine
599 4076 642 4138 ibi
674 4095 772 4157 prope
802 4094 910 4139 moror
944 4076 1017 4156 quia
1047 4076 1073 4139 si
1105 4076 1249 4138 habueris
1279 4076 1352 4138 inde

282 4167 451 4244 transitum,
477 4166 743 4228 remunerabimur
758 4166 812 4228 tibi
836 4183 930 4244 super
952 4166 1038 4227 bono
1061 4163 1148 4243 quod
1172 4164 1264 4226 nobis
1279 4182 1352 4227 con-
