3584 4884
821 457 1019 510 ..2-

548 626 625 689 datis
648 625 769 704 osculis,
794 626 920 688 maritus
943 626 997 688 itti:

548 716 596 793 ,de
620 718 701 795 quo‘,
725 714 832 794 inquit,
856 733 996 794 ,puerum

549 804 639 867 istum
664 804 784 881 habeas,
807 802 865 881 dic,
892 808 944 865 aut
966 807 1099 866 extrema
1122 802 1251 884 patierisss

898 982 947 1043 Vl.

549 1107 588 1168 nt
610 1106 660 1168 iila
684 1106 824 1168 maritum
849 1106 960 1169 timens

499 1212 526 1257 ao
549 1194 641 1258 dolos
664 1199 762 1258 versat
785 1195 816 1256 in
841 1195 954 1258 omnia.

549 1284 619 1361 ,mi‘,
643 1284 774 1361 tandem,
798 1283 850 1360 ,mi
874 1284 996 1363 coniux‘
1019 1284 1060 1346 ait

550 1390 620 1449 ,una
643 1372 709 1435 vice
732 1372 763 1434 in
787 1371 910 1452 alpibus

550 1461 620 1523 nive
643 1461 747 1524 sitiens
769 1461 880 1524 extinxi
905 1461 995 1538 sitim,

550 1550 589 1612 de
612 1568 676 1629 quo
699 1568 759 1629 ego
782 1549 908 1629 gravida

500 1654 527 1701 ao
551 1639 642 1701 istum
666 1656 796 1719 puerum
820 1637 973 1701 damnoso
996 1638 1059 1701 fetu
1083 1638 1143 1701 heu
1167 1638 1343 1718 gignebam.

892 1834 955 1896 Vll.

551 1958 640 2035 Nam,
664 1957 813 2037 languens
836 1975 942 2021 amore
964 1961 1027 2034 tuo,

551 2046 728 2109 consurrexi
752 2045 889 2110 diluculo

552 2135 732 2215 perrexique
755 2134 850 2215 pedes
873 2134 958 2197 nuda

552 2242 607 2303 per
630 2224 715 2285 nives
738 2227 768 2285 et
790 2223 906 2303 frigora

502 2326 529 2372 aa
552 2316 642 2391 atque
666 2312 760 2374 maria
783 2312 917 2375 rimabar
940 2315 1042 2388 mesta,

516 2448 518 2451 -
552 2400 584 2463 Si
608 2400 685 2464 torte
708 2400 861 2464 ventivola
883 2400 950 2463 vela
973 2417 1128 2463 cernerem

552 2494 603 2551 aut
625 2490 757 2552 frontem
781 2490 867 2552 navis
890 2489 1108 2569 conspicerem.

888 2668 965 2729 Vlil.

556 2790 638 2852 Anni
662 2796 731 2869 post
753 2791 810 2853 hec
832 2792 971 2870 quinque
993 2790 1177 2853 transierunt
1198 2794 1251 2852 aut
1273 2790 1351 2870 plus,

558 2884 587 2940 et
610 2884 758 2942 mercator
781 2898 877 2959 vagus
901 2879 1077 2942 instauravit
1099 2896 1209 2957 remoS‚

505 2982 532 3027 40
556 2968 640 3029 ratim
666 2986 808 3047 quassam
833 2968 937 3045 reficit,

555 3056 622 3119 veia
643 3056 752 3136 alligat,
776 3062 805 3119 et
828 3057 907 3119 nivis
931 3061 1035 3119 natum
1059 3056 1146 3118 duxit
1168 3073 1284 3119 secum.

904 3234 954 3296 IX.

555 3359 759 3422 Transtretato
783 3376 874 3436 mare,
899 3357 1089 3439 producebat
1111 3363 1217 3420 natum

556 3452 585 3509 et
607 3465 664 3527 pro
687 3447 838 3511 arrabone
862 3447 1020 3511 mercatori
1044 3446 1168 3510 tradens

556 3540 677 3597 centum
703 3536 795 3598 libras
818 3536 932 3616 accipit,

506 3636 534 3682 ro
555 3629 646 3704 atque
669 3623 795 3687 vendito
818 3624 932 3687 infante
955 3624 1042 3687 dives
1065 3623 1230 3687 revertitur.

910 3801 946 3863 X.

558 3929 777 4008 Ingressusque
801 3925 930 3989 domurn
954 3925 993 3987 ad
1018 3942 1147 3989 uxorem
1170 3925 1223 3987 ait:

558 4017 725 4093 consolare,
749 4014 893 4094 coniunx,
917 4013 1087 4090 consolare,
1111 4016 1193 4076 cara!

559 4110 662 4168 natum
686 4110 772 4167 tuum
798 4103 927 4183 perdidi,

558 4212 652 4273 quem
681 4211 745 4256 non
775 4192 841 4271 ipsa
868 4196 900 4253 tu
925 4209 975 4253 me
1002 4190 1100 4269 magis
1124 4190 1250 4270 quidem
1275 4190 1414 4253 dilexisti.
