3584 4884
823 455 1067 517 -156-

412 646 507 707 quare
541 628 573 690 in
608 628 729 708 magnis
762 629 1053 710 sollempnitatibus,
1096 630 1128 692 in
1163 631 1277 710 quibus
1311 650 1382 694 cum
1415 632 1487 695 aliis

412 717 547 796 gaudere
569 716 733 794 debuisset,
756 718 848 781 tristis
863 723 893 781 et
908 719 1012 782 nescio
1029 719 1131 799 qualia
1153 720 1290 799 cogitans
1313 720 1485 795 incedebat,

413 806 589 886 multosque
612 824 650 868 ex
678 807 729 868 tali
757 810 844 886 gestu
867 807 1099 870 scandalizabat
1145 807 1205 871 Cui
1230 827 1282 872 rex
1305 810 1358 871 ait:
1391 810 1485 883 “Que

413 894 492 957 facio
514 898 547 957 tu
571 894 668 958 modo
691 896 797 973 neseis,
825 896 903 959 scies
925 900 1026 959 autem
1051 901 1185 977 posteat
1235 898 1404 967 Recedente
1428 899 1485 961 illo

358 1004 386 1048 so
412 983 452 1044 ad
476 984 649 1063 hospicium
673 1002 766 1047 suum
786 1002 893 1048 servos
915 1002 990 1049 suos
1013 1004 1083 1047 cum
1108 986 1230 1049 bucinis
1245 987 1327 1049 misit
1343 1005 1395 1049 rex
1412 992 1486 1067 post

413 1089 493 1134 eum.
529 1073 599 1135 Erat
612 1077 714 1135 autem
730 1073 924 1137 consuetudo
947 1075 978 1136 in
1003 1092 1100 1153 regno
1123 1075 1210 1154 quod
1233 1074 1360 1155 quando
1385 1077 1484 1139 homo

413 1160 604 1241 adiudicatus
626 1166 706 1225 esset
727 1163 818 1226 morti
834 1168 904 1225 ante
920 1163 1055 1226 bostium
1080 1164 1195 1227 domus
1217 1164 1285 1242 ejus
1307 1183 1377 1227 cum
1398 1165 1484 1228 tubis

414 1250 543 1313 ministri
567 1250 756 1329 clangebant
790 1252 1028 1315 Buccinantibus
1052 1252 1145 1331 igitur
1166 1253 1263 1316 servis
1286 1254 1368 1333 regis
1391 1254 1485 1316 frater

414 1340 480 1419 eius
502 1340 699 1402 vehementer
728 1340 848 1420 expavit
874 1344 905 1403 et
931 1358 964 1403 se
987 1345 1117 1404 mortem
1143 1360 1206 1404 non
1238 1360 1330 1423 posse
1352 1342 1484 1405 evadere

360 1451 387 1497 95
415 1447 473 1509 pro
496 1432 579 1491 certo
602 1428 738 1491 credidit
773 1428 878 1492 Statim
902 1434 1012 1506 autem,
1036 1430 1114 1493 sicut
1137 1448 1189 1493 rex
1211 1431 1348 1509 jusserat,
1372 1431 1484 1510 ligatus

414 1517 453 1580 ad
476 1517 558 1597 regis
581 1517 732 1597 palacium
755 1523 801 1581 est
822 1518 946 1596 ductus,
976 1523 1050 1582 tunc
1075 1519 1164 1598 jussit
1187 1520 1333 1599 expoliari
1357 1538 1429 1582 eum
1454 1524 1485 1583 et

414 1607 470 1669 tn'a
491 1606 609 1687 spicula
631 1611 719 1669 acuta
740 1607 885 1687 applicari
916 1607 1013 1669 ventri
1037 1607 1104 1687 ejus
1128 1612 1156 1670 et
1184 1608 1329 1671 lateribus
1351 1613 1381 1670 et
1403 1628 1483 1687 ecce,

415 1695 493 1759 sicut
515 1714 568 1759 rex
590 1695 791 1772 ordinaverat,
822 1696 908 1758 mimi
933 1700 962 1759 et
987 1696 1170 1775 joculatores
1198 1697 1356 1760 astiterunt
1378 1702 1408 1759 et
1430 1698 1482 1759 alii

416 1788 569 1848 oantames
591 1789 621 1847 et
647 1786 775 1848 choreas
812 1784 956 1848 dicentes
1016 1786 1118 1847 Frater
1150 1790 1251 1848 autem
1287 1786 1369 1866 regis
1404 1787 1485 1849 inter

361 1894 401 1939 roo
417 1874 541 1937 letantes
562 1874 795 1937 contristabatur
817 1878 847 1936 et
869 1873 1000 1953 lugebat
1035 1873 1095 1937 Cui
1119 1892 1172 1937 rex
1191 1875 1243 1937 ait:
1271 1874 1395 1948 “Quare
1410 1894 1482 1937 cum

391 2002 398 2017 ·
415 1963 479 2026 istis
494 1963 700 2042 gaudentibus
714 1981 779 2026 non
794 1963 953 2042 gaudes?u
986 1963 1025 2025 llt
1040 1962 1103 2025 ille:
1130 1964 1295 2041 „Domine
1318 1964 1483 2043 quomodo

415 2051 581 2131 gauderem
605 2070 675 2114 cum
700 2051 807 2115 mortis
830 2052 1009 2115 sententiam
1032 2052 1131 2114 statim
1155 2054 1352 2133 expectemiu
1395 2054 1485 2116 Tunc

416 2160 468 2204 rex
491 2141 626 2221 precepit
652 2158 724 2203 eum
754 2140 832 2204 solvi
856 2144 885 2202 et
908 2140 1009 2203 vestiri
1033 2144 1063 2202 et
1084 2141 1137 2203 ait:
1165 2143 1276 2204 “Nunc
1298 2142 1337 2204 ad
1361 2160 1397 2204 ea
1420 2160 1485 2221 que

415 2230 540 2308 quesisti
572 2228 769 2309 respondebo
799 2229 863 2307 tibi,
893 2230 920 2292 si
943 2233 975 2291 tu
1006 2230 1132 2292 timuisti
1160 2234 1189 2292 et
1219 2230 1411 2293 contristatus
1441 2248 1483 2308 es,

362 2337 402 2382 10⁶
417 2317 543 2397 quando
579 2318 772 2381 bucinatores
809 2336 897 2381 meos
934 2318 1084 2396 audivisti,
1123 2322 1153 2381 et
1185 2337 1245 2399 ego
1283 2338 1353 2381 cum
1388 2318 1484 2383 audio

416 2408 627 2469 buccinatores
650 2406 764 2469 summi
795 2407 877 2485 regis
900 2411 929 2469 et
951 2408 1056 2471 tubam
1081 2407 1185 2470 divine
1215 2408 1431 2488 predicationis
1454 2412 1484 2470 et

415 2513 528 2559 sonum
552 2495 625 2558 tube
647 2494 790 2558 terribilis
811 2495 918 2574 judicii
935 2496 1046 2573 recolo,
1070 2496 1179 2559 merito
1195 2498 1293 2577 magis
1309 2514 1483 2577 espavesc0,

416 2584 573 2665 presertim
612 2602 683 2647 cum
721 2584 778 2645 tria
814 2584 933 2664 spicula
973 2584 1146 2647 acutissima
1183 2586 1299 2665 quibus
1337 2586 1483 2649 continue

417 2691 542 2755 pungor
563 2673 643 2735 circa
666 2691 716 2735 me
738 2673 874 2751 sentiam,
905 2691 1039 2753 quorum
1071 2692 1153 2736 unus
1182 2678 1227 2737 est
1255 2674 1349 2738 timor
1378 2692 1483 2755 pecca-

364 2779 403 2825 uo
417 2769 519 2827 torum
543 2780 694 2840 meorum,
724 2762 803 2824 alius
830 2767 930 2825 melus
960 2762 1068 2825 mortis
1098 2763 1210 2825 incerte
1233 2782 1294 2842 que
1322 2764 1408 2826 omni
1432 2762 1484 2825 die

417 2853 555 2915 imminet
577 2851 662 2929 milri,
685 2852 796 2915 tercius
810 2851 903 2914 timor
918 2851 1060 2931 gehenne
1083 2856 1112 2913 et
1139 2870 1218 2932 pene
1241 2852 1482 2929 interminabilis,

417 2961 487 3005 nam
512 2942 567 3003 ista
590 2959 669 3022 pena
691 2959 784 3021 quam
807 2944 840 3003 tu
869 2939 966 3004 modo
996 2940 1186 3004 formidabas
1214 2941 1273 3004 cito
1296 2942 1483 3018 terminatur,

417 3032 468 3094 illa
489 3034 590 3093 autem
623 3048 783 3110 nunquam
814 3029 933 3107 linitur,
968 3047 1075 3092 verum
1107 3046 1171 3092 non
1203 3030 1322 3093 mireris
1351 3030 1385 3107 si,
1415 3030 1483 3092 aliis

418 3120 547 3183 inaniter
569 3119 783 3198 gaudentibus,
812 3137 873 3197 ego
895 3136 1030 3198 appareo
1053 3117 1145 3181 tristis
1168 3136 1291 3199 semper
1312 3119 1483 3181 formidans

363 3224 404 3269 us
419 3209 618 3272 inflexibilem
640 3208 790 3287 justiciam
814 3208 939 3270 districti
967 3207 1079 3287 judicis
1109 3208 1162 3287 qui
1191 3225 1248 3287 pro
1272 3226 1336 3271 uno
1361 3212 1483 3287 peccato

417 3298 561 3377 superbie
597 3298 742 3376 angelum
778 3297 818 3359 de
851 3296 1003 3377 paradyso
1033 3296 1147 3375 ejecit.¹¹
1212 3298 1269 3359 lste
1304 3296 1397 3375 igitur
1430 3314 1483 3358 rex

417 3405 519 3449 veram
544 3386 651 3448 babuit
672 3386 851 3465 sapientiam
868 3389 898 3447 et
916 3385 969 3465 qui
985 3384 1103 3447 addidit
1126 3385 1169 3447 illi
1185 3385 1341 3448 scientiam
1365 3384 1484 3447 addidit

417 3479 446 3537 et
483 3476 623 3537 dolorem
662 3474 810 3537 dominus
841 3478 945 3536 noster
972 3475 1060 3553 Jesus
1083 3472 1225 3537 Christus
1259 3474 1313 3553 qui
1347 3473 1422 3536 vivit
1455 3478 1484 3536 et

418 3568 524 3642 regnat
546 3581 601 3642 per
623 3563 728 3625 omnia
750 3562 852 3626 secula
874 3562 1059 3625 seculorum.

799 3711 827 3767 ⁶.
869 3705 1007 3785 1=rv0.
1034 3704 1099 3784 5η

364 3846 404 3893 rao
509 3832 541 3892 ln
573 3848 663 3892 mane
692 3834 793 3892 autem
824 3830 929 3892 omnia
955 3829 1120 3909 [monachi]
1147 3829 1304 3892 tradebant
1333 3828 1483 3892 oblivioni

417 3920 532 3984 similes
555 3918 677 3982 cuidam
700 3919 800 3982 vetule
823 3937 892 3999 que,
924 3918 999 3980 dum
1024 3918 1055 3979 in
1080 3936 1172 3981 urceo
1196 3923 1294 3981 terreo
1317 3918 1356 3980 ad
1380 3918 1482 3981 iorum

419 4011 465 4073 lac
497 4011 637 4091 portaret,
657 4004 752 4088 'cepit
781 4008 915 4087 cogitare
946 4007 977 4069 in
1009 4006 1058 4069 via
1087 4006 1251 4085 quomodo
1283 4011 1388 4087 posset
1417 4005 1483 4068 lieri

418 4100 513 4162 dives.
565 4097 734 4161 Attendens
763 4101 864 4159 autem
895 4096 982 4174 quod
1014 4094 1054 4157 de
1085 4112 1144 4157 suo
1176 4095 1249 4157 lacte
1279 4100 1340 4158 tres
1371 4095 1484 4158 obolos

418 4189 531 4251 habere
561 4190 672 4266 posset,
707 4185 786 4265 cepit
815 4184 949 4263 cogitare
978 4180 1064 4261 quod
1096 4182 1135 4244 de
1165 4182 1224 4244 illis
1254 4184 1353 4245 tribus
1383 4182 1484 4247 obolis
