3584 4884
818 487 1016 540 ..4.-

650 654 710 717 telo
734 658 829 717 tactus
852 654 1062 717 occumbebat.

651 761 732 820 mox,
755 742 862 805 effusis
885 742 1034 806 intestinis

600 851 627 895 20
650 835 740 912 caput
761 830 859 895 avulsi
883 850 954 894 curn
977 836 1044 895 cute
1068 833 1170 894 cruda.

922 1028 958 1090 V.

650 1149 795 1230 Cumque
818 1168 922 1213 cesum
949 1170 1042 1214 manu

650 1240 798 1302 levaretur
820 1244 919 1319 caput,

650 1328 711 1390 lesa
732 1346 806 1391 aure
832 1328 1037 1392 effunduntur

650 1416 748 1479 mellis
771 1416 868 1480 modii
892 1419 1026 1496 centeni;

599 1524 627 1569 25
649 1505 812 1585 sauciaque
835 1506 919 1569 auris
941 1512 1016 1570 tacta

649 1593 775 1657 totidem
800 1594 937 1673 pisarum
961 1596 1049 1674 fudit,

650 1682 765 1761 quibus
788 1682 865 1745 intra
888 1683 999 1763 pellem
1022 1686 1139 1763 strictis,

650 1771 738 1851 lepus
761 1771 829 1850 ipso
853 1770 929 1833 durn
952 1778 1071 1837 secatur

650 1859 806 1939 crepidine
829 1878 951 1923 summa
973 1863 1069 1925 caude

600 1968 627 2013 ³0
651 1949 764 2011 kartam
789 1949 903 2029 regiam
928 1950 1067 2014 latentem
1091 1952 1166 2033 cepi,

916 2147 965 2209 vt.

651 2267 722 2340 Que
744 2286 867 2330 servum
891 2273 920 2332 te
943 2270 1044 2333 firmat
1067 2290 1133 2335 esse
1156 2291 1269 2336 meum.

652 2356 824 2434 ,Mentitur‘,
848 2358 957 2420 clamat
979 2378 1039 2438 rex,
1063 2361 1154 2438 ,karta
1177 2365 1206 2425 et
1228 2364 1280 2425 tu‘.

651 2444 701 2508 Sic
724 2464 795 2525 rege
818 2446 935 2524 delusa,
959 2446 1079 2511 Suevus

650 2534 725 2597 falsa
747 2552 842 2613 gener
865 2536 969 2614 regius
991 2541 1036 2599 est
1057 2543 1119 2601 arte
1142 2539 1246 2602 iactus.

720 2815 754 2881 3.
791 2816 915 2885 Paulus
940 2818 1117 2888 diaconus.

632 2943 768 3005 Fabula
790 2942 834 3006 de
857 2944 976 3007 vitulo
999 2950 1033 3008 et
1055 2946 1205 3009 ciconia.

704 3061 782 3114 (Poeta
795 3062 858 3107 latini
872 3065 920 3108 aevi
935 3064 1029 3109 carolini
1044 3066 1061 3118 1,
1077 3067 1121 3120 ⁶4.)

518 3172 675 3247 Querebat
698 3193 819 3238 merens
842 3179 969 3239 matrem
993 3195 1048 3257 per
1070 3182 1155 3258 prata
1176 3178 1313 3241 vitellus:

563 3262 716 3327 Cruribus
739 3264 810 3328 huic
834 3264 936 3344 longis
959 3265 1051 3329 obvia
1073 3266 1156 3328 venit
1177 3267 1250 3343 avis,

519 3352 615 3415 Dicit:
638 3354 682 3429 ,lo
705 3353 803 3431 irater,
827 3372 881 3416 cur
903 3354 995 3417 tristis
1018 3358 1139 3435 pectore
1162 3357 1273 3435 mugiS,

562 3441 617 3503 Vel
641 3459 696 3503 cur
718 3443 856 3505 turbatus
878 3442 991 3506 florida
1013 3461 1084 3506 rura
1105 3444 1202 3507 teris?

482 3545 497 3591 5
520 3528 580 3591 Cui
604 3529 648 3591 sic
667 3530 838 3610 respondit:
862 3530 975 3609 ,Soron
999 3533 1125 3612 estjam
1149 3533 1234 3595 tertia
1256 3551 1340 3596 nunc
1363 3534 1424 3610 lux,

563 3616 660 3691 Quod
684 3617 730 3681 lac
752 3637 816 3681 non
839 3620 922 3699 tetigi
946 3625 975 3683 et
997 3622 1182 3685 iamulentus
1204 3640 1250 3685 eo.

518 3706 620 3769 Verba
642 3706 732 3769 refert
754 3708 831 3770 ales:
859 3709 917 3785 ,Nc
939 3728 1027 3773 cures
1049 3711 1126 3788 talia,
1149 3711 1289 3774 demens:

564 3796 643 3858 Nam
668 3796 739 3875 quia
764 3814 827 3859 non
851 3798 919 3859 suxi
942 3799 1047 3861 tertius
1068 3817 1169 3862 annus
1191 3800 1271 3863 abit.

519 3884 567 3947 Ad
592 3903 684 3965 quarn
708 3879 884 3964 indignatus
907 3886 1003 3949 fertur
1025 3886 1137 3950 dixisse
1159 3888 1292 3951 vitellus:

470 3991 496 4037 10
563 3973 647 4052 ,Quo
670 3974 712 4037 sis
735 3979 818 4055 pasta
841 3974 920 4054 cibo,
944 3994 982 4037 en
1006 3980 1057 4038 tua
1080 3994 1167 4039 crura
1189 3976 1318 4039 docent'.
