3584 4884
710 464 932 522 ..43-

285 636 386 716 pigro.
433 635 570 710 Quidam
586 639 669 701 enim
684 652 780 699 senex
795 638 945 717 quaesivit
958 638 1000 700 ab
1015 655 1062 714 eo,
1086 641 1235 717 quantum
1252 640 1357 717 posset

285 724 458 788 comedere.
504 724 563 787 Cui
593 725 672 806 ipse:
712 726 761 787 De
788 725 875 805 cujus
904 726 1060 806 prandio?
1107 726 1156 788 De
1179 726 1273 789 meo?
1307 725 1356 787 vel

285 814 326 877 de
347 810 495 877 alterius?
525 848 553 857 -
584 816 624 877 nt
646 815 709 877 ille:
735 814 783 878 De
805 818 868 879 tuo.
893 851 920 859 -
945 815 1170 896 Maymundus:
1194 814 1355 888 Quantum

284 904 391 965 minus
413 920 551 983 possum.
583 939 610 947 -

233 1006 272 1053 ne
377 1000 406 1053 2.
430 991 543 1055 Senex:
578 993 625 1055 Tu
659 992 755 1056 modo
787 992 959 1056 recordaris
991 993 1159 1056 verborum
1194 991 1355 1071 cuiusdam

284 1080 398 1159 gulosi,
423 1080 512 1161 pigri,
535 1081 626 1160 stulti,
650 1081 764 1161 garruli
788 1086 817 1144 et
840 1081 1025 1161 nugigeruli,
1048 1086 1078 1145 et
1097 1081 1247 1161 quicquid
1262 1081 1303 1144 de
1317 1098 1356 1143 eo

285 1170 398 1232 dicitur
420 1170 562 1249 amplius,
585 1170 617 1233 in
641 1189 680 1235 eo
703 1170 865 1233 invenitur.
889 1206 917 1215 -
945 1170 1085 1251 Juvenis:
1109 1170 1243 1233 Multum
1259 1170 1358 1250 placet

284 1258 325 1321 de
348 1258 403 1321 illo
426 1259 541 1321 audire.
588 1258 678 1337 Quia,
709 1259 857 1339 quicquid
881 1258 922 1323 de
945 1278 992 1323 eo
1006 1264 1059 1337 est,
1090 1258 1275 1322 derisorium
1304 1263 1356 1337 est,

284 1350 316 1409 et
337 1347 489 1427 quicquid
512 1348 552 1411 de
574 1349 641 1428 eius
663 1349 749 1411 lactis
771 1349 819 1411 vel
842 1349 933 1412 dictis
948 1353 1049 1411 mente
1065 1348 1184 1426 retines,
1201 1348 1356 1428 eloquere,

234 1440 316 1499 amet
338 1436 464 1499 habebo
487 1454 545 1516 pro
569 1455 705 1500 numere.
738 1472 763 1483 -
796 1436 909 1501 Senex:

378 1532 406 1589 3.
432 1525 589 1589 Dominus
623 1544 713 1589 servo
747 1544 805 1589 suo
841 1526 995 1607 praecepit
1028 1524 1162 1606 quadam
1197 1530 1285 1589 nocte
1323 1529 1358 1587 ut

285 1614 442 1677 clauderet
464 1614 577 1678 domus
599 1615 732 1694 ianuam.
779 1617 846 1695 lpse
862 1615 981 1678 desidia
996 1632 1120 1695 pressus
1142 1634 1268 1694 surgere
1292 1632 1356 1677 uon

286 1704 395 1782 potuit,
419 1707 450 1765 el
471 1702 543 1767 ideo
565 1703 642 1766 dixit
664 1704 750 1783 quod
774 1705 875 1767 clausa
898 1709 968 1767 erat
1015 1705 1108 1767 Mane
1138 1709 1239 1767 autem
1268 1704 1357 1781 iacto,

285 1791 438 1855 dominus
472 1792 547 1854 dixit
579 1810 683 1855 servo:
719 1793 918 1873 Maymunde,
952 1794 1035 1873 aperi
1069 1794 1204 1873 januam.
1227 1830 1272 1837 —
1295 1792 1356 1856 Cui

236 1896 274 1943 ven
287 1898 410 1943 servus:
447 1880 590 1960 Domine,
619 1882 750 1945 sciebam
786 1882 872 1961 quod
907 1883 1033 1946 volebas
1067 1900 1134 1945 eam
1169 1882 1263 1945 hodie
1290 1898 1356 1945 esse

285 1974 432 2049 apertam,
467 1974 496 2031 et
527 1970 598 2033 ideo
629 1972 714 2033 nolui
750 1989 816 2034 eam
852 1988 923 2035 sero
957 1971 1106 2034 claudere.
1130 2006 1174 2017 -—
1205 1980 1235 2033 4.
1269 1972 1358 2033 Tunc

286 2058 425 2138 primum
449 2059 598 2139 comperit
619 2059 767 2123 dominus
797 2059 883 2140 quod
908 2064 1033 2141 propter
1055 2060 1208 2140 pigritiam
1232 2060 1357 2123 dimise-

286 2152 339 2225 rat,
364 2151 394 2209 et
416 2147 492 2209 dixit
514 2148 570 2211 illi:
602 2147 714 2228 Surge!
763 2150 821 2211 Fac
844 2166 925 2229 opus
947 2152 1044 2227 tuum,
1068 2150 1141 2228 quia
1163 2149 1230 2212 dies
1253 2154 1358 2227 estet

286 2237 333 2299 sol
358 2236 421 2315 jam
444 2238 522 2299 allus
544 2241 597 2301 est
621 2272 663 2283 -
687 2236 748 2301 Cui
771 2256 890 2301 servus:
923 2237 954 2301 Si
981 2238 1028 2300 sol
1050 2238 1112 2317 iam
1140 2238 1219 2301 altus
1241 2243 1293 2315 est,
1317 2238 1357 2301 da

238 2343 275 2387 no
289 2325 366 2387 mihi
390 2325 561 2388 comedere.
584 2360 628 2371 -
652 2326 711 2389 Cui
747 2326 909 2390 dominus:
944 2326 1038 2390 Serve
1072 2328 1159 2405 male,
1193 2327 1241 2389 vis
1268 2332 1357 2390 nocte

287 2414 474 2477 comedere?
499 2450 525 2458 -
549 2414 610 2477 Cui
623 2432 741 2478 servus:
758 2414 790 2479 Si
803 2434 866 2479 nox
877 2419 930 2491 est,
943 2416 1082 2496 permitte
1094 2434 1144 2478 me
1156 2416 1300 2479 dormire.
1322 2452 1348 2459 -

380 2504 409 2565 5.
434 2504 506 2565 ltem
529 2503 676 2567 dominus
700 2505 731 2567 in
756 2509 856 2568 nocte:
888 2504 1086 2585 Maymunde,
1110 2522 1210 2585 surge,
1234 2506 1357 2568 etvide

287 2596 392 2654 utrum
417 2592 501 2671 pluat
523 2610 561 2655 an
586 2611 633 2655 ne.
657 2629 684 2637 -
710 2595 777 2673 lpse
799 2612 874 2657 vero
889 2594 1049 2657 advocavit
1071 2613 1186 2670 canem,
1210 2594 1263 2674 qui
1279 2592 1353 2677 jace·

287 2680 339 2744 bat
362 2684 446 2743 extra
468 2681 601 2759 januam,
634 2686 663 2745 et
693 2700 790 2762 quum
821 2683 953 2746 venisset
975 2683 1066 2761 canis,
1098 2684 1241 2764 palpabat
1263 2683 1357 2763 pedes

241 2786 275 2831 ns
289 2770 365 2849 ejus,
381 2770 497 2849 quibus
513 2770 643 2833 inventis
658 2770 746 2833 siccis
761 2770 890 2834 domino
906 2772 959 2833 ait:
983 2773 1128 2848 Domine,
1142 2791 1205 2835 non
1216 2773 1301 2852 pluit.
1322 2809 1348 2815 -

381 2864 410 2921 6.
435 2860 507 2921 ltem
538 2860 577 2921 ad
608 2878 680 2922 eum
712 2860 859 2923 dominus
891 2866 979 2924 nocte
1002 2861 1086 2939 dixit,
1110 2880 1149 2923 an
1174 2862 1255 2941 ignis
1278 2866 1357 2924 esset

288 2948 319 3011 in
344 2948 452 3011 domo.
499 2949 566 3029 lpse
596 2967 670 3011 vero
700 2954 808 3012 vocato
839 2950 1000 3029 murilego,
1030 2951 1154 3014 tentavit
1186 2951 1212 3013 si
1239 2951 1358 3013 calidus

287 3041 375 3113 esset,
414 3055 453 3099 an
489 3056 565 3117 nom
603 3042 632 3101 et
666 3056 763 3118 quum
802 3039 967 3101 invenisset
999 3058 1070 3102 eum
1108 3038 1265 3119 frigidum,
1303 3040 1357 3101 ait:

288 3127 372 3189 Non.
406 3162 433 3169 -

240 3232 276 3277 nv
377 3215 516 3294 Juvenis:
541 3216 696 3295 Pigritiam
714 3216 780 3295 ejus
799 3216 912 3293 audivi,
936 3218 1139 3296 garrulitatem
1164 3218 1230 3297 ejus
1250 3217 1358 3279 audire

288 3304 394 3385 cupio.
425 3340 453 3347 -
484 3304 595 3367 Senex:

706 3447 801 3509 XXX.
852 3455 946 3510 1-4.

384 3582 410 3631 1.
437 3571 558 3633 Dictum
592 3575 637 3634 est
666 3572 752 3651 quod
783 3571 931 3634 dominus
960 3589 1036 3633 suus
1059 3572 1200 3634 veniebat
1222 3572 1262 3634 de
1284 3572 1356 3635 loro

290 3659 387 3722 laetus
417 3678 474 3739 pro
505 3660 599 3739 lucro,
631 3661 703 3740 quia
734 3661 865 3722 multum
897 3660 1029 3722 lucratus
1056 3660 1161 3722 luerat
1209 3662 1244 3722 Et
1266 3661 1359 3723 exivit

290 3766 397 3811 servus
421 3750 631 3829 Maymundus
655 3754 759 3811 contra
782 3748 916 3811 eundem
932 3748 1096 3811 dominum
1112 3766 1213 3813 suum.
1251 3749 1355 3822 Quem

243 3855 389 3916 aanuum
413 3837 531 3900 videret
559 3838 706 3901 dominus
736 3838 844 3913 timuit,
877 3854 916 3898 ne
942 3838 1065 3917 aliquos
1087 3838 1185 3900 malos
1208 3855 1357 3916 rumores,

292 3930 324 3987 ut
346 3943 417 3988 mos
440 3944 516 3989 suus
538 3932 608 4003 erat,
632 3926 752 4004 diceret,
776 3930 805 3989 et
828 3925 915 3987 dixit:
939 3926 1023 3989 Cave
1047 3943 1086 3987 ne
1108 3926 1191 3989 dicas
1215 3944 1357 3989 rumores

291 4015 397 4077 malos.
421 4049 464 4059 —
490 4023 520 4076 2.
543 4014 668 4078 Servus:
701 4015 845 4091 Domine,
876 4033 940 4077 non
964 4015 1064 4077 dicam
1089 4032 1228 4078 rumores
1251 4016 1357 4078 malos.

290 4102 349 4167 Sed
384 4103 470 4167 canis
505 4108 608 4165 nostra
642 4103 767 4184 parvula
803 4104 962 4183 Pipella
996 4106 1117 4165 mortua
1146 4108 1198 4165 est
1229 4102 1356 4165 -Cui

290 4192 450 4257 dominus:
484 4191 656 4265 Quomodo
689 4196 809 4254 mortua
839 4193 905 4255 est?
936 4228 980 4237 -
1010 4191 1070 4253 Cui
1101 4208 1220 4254 servus:
1251 4191 1358 4252 Mulus
