3584 4884
703 460 948 519 —179-

231 651 273 697 us
288 633 462 696 lanceatum
485 637 516 695 et
537 637 756 697 cruentatum·
782 631 865 696 Cum
892 636 994 695 autem
1025 631 1217 713 respicerent.
1241 632 1272 695 in
1296 633 1364 712 ejus

287 722 556 802 elemosynariam,
580 722 762 785 invenerunt
776 721 819 785 ibi
835 721 947 784 litteras
970 719 1024 784 ubi
1047 720 1261 785 continebatur
1276 722 1362 801 quod

286 810 456 873 defunctus
478 809 531 873 ille
552 810 672 891 petebat
692 810 844 889 justiciam
866 828 886 872 a
908 810 992 873 curia
1013 810 1113 873 abeis
1136 810 1180 873 ibi
1203 810 1363 887 contentis,

286 898 346 981 qui
370 899 481 979 injuste
503 917 576 962 eum
600 898 785 977 occiderant3
815 917 877 979 que
900 899 996 962 littere
1025 898 1238 962 animaverunt
1268 903 1362 963 totam

287 988 409 1051 curiam
432 987 472 1050 ad
499 988 688 1051 sumendum
717 1006 803 1051 arma
832 988 864 1049 in
893 987 1048 1051 ulcionem
1079 987 1241 1067 sanguinis
1273 988 1363 1051 inno·

231 1094 274 1139 rso
290 1077 398 1141 centis
445 1078 515 1140 tioc
537 1081 640 1139 autem
661 1077 688 1140 si
718 1094 783 1141 non
810 1076 870 1139 tuit
895 1075 935 1140 ad
964 1076 1100 1155 litteram,
1130 1081 1363 1159 verumptamen

288 1164 546 1242 similitudinarie,
580 1166 654 1245 quia
687 1165 842 1241 Christus,
881 1165 968 1246 pugil
1001 1168 1117 1243 noster,
1156 1165 1187 1228 in
1223 1164 1364 1230 navicula

289 1254 393 1319 crucis
422 1258 554 1335 apparet
585 1272 643 1340 pro
675 1255 767 1318 nobis
797 1255 977 1319 innocenter
1005 1254 1125 1318 occisus
1155 1272 1173 1317 a
1198 1254 1305 1335 Judeis
1335 1259 1365 1319 el

289 1343 450 1423 gentibus;
483 1342 569 1423 quod
592 1344 759 1407 ostendunt
789 1343 882 1407 uobis
909 1343 1088 1424 euvangelia
1115 1360 1208 1422 sacra,
1239 1363 1301 1425 que
1324 1344 1364 1409 de

289 1432 396 1495 cordis
418 1432 486 1511 ejus
508 1432 737 1513 elemosynaria,
760 1437 907 1512 tanquam
931 1432 1024 1511 hujus
1047 1431 1238 1513 prodicionis
1259 1434 1363 1511 littere,

232 1539 276 1585 ιω
290 1521 441 1584 ciderunt
488 1521 555 1584 Hec
591 1520 630 1584 ad
667 1521 845 1602 accipienda
880 1538 967 1585 arma
1000 1539 1058 1602 pro
1092 1521 1150 1585 hac
1183 1522 1364 1603 prodicione

290 1608 480 1673 vindicanda
501 1610 598 1681 corda
618 1610 736 1674 nobilia
757 1609 872 1673 debent
894 1610 1026 1673 multum
1049 1628 1183 1673 movere.
1212 1688 1215 1692 Ι

684 1756 712 1815 ⁶.
759 1751 813 1832 1=
834 1750 868 1815 s,
896 1752 977 1832 ron]

332 1899 335 1903 ·
383 1877 417 1938 ln
447 1875 591 1939 comitatu
615 1876 809 1957 Nivernensi,
839 1894 924 1940 anno
953 1875 1082 1939 Domini
1105 1883 1144 1940 κο
1167 1884 1217 1940 00⁰
1239 1884 1298 1941 xx⁰
1319 1885 1363 1956 v0,

289 1965 419 2028 fuerunt
445 1968 506 2028 tres
535 1965 642 2027 tratres
668 1983 687 2027 a
713 1964 851 2045 quodam
882 1964 1046 2029 castellano
1076 1964 1263 2030 exheredati:
1295 1967 1364 2031 lacti

291 2058 367 2117 sunt
387 2053 512 2130 aschivi,
534 2054 631 2116 multa
652 2054 733 2116 mala
755 2054 913 2131 facientes;
942 2053 1008 2118 duo
1030 2072 1148 2131 eorum,
1179 2055 1266 2135 capti,
1297 2074 1365 2120 sus-

236 2162 278 2208 iso
293 2142 383 2223 pensi
399 2147 484 2219 sunt,
507 2142 627 2221 tercius,
650 2142 810 2207 confessus
825 2142 947 2205 cuidam
964 2142 1119 2223 religioso,
1143 2143 1263 2207 dicebat
1276 2144 1364 2224 quod

293 2232 497 2312 penitenciam
521 2231 652 2294 libenter
672 2232 790 2308 iaceret,
818 2230 873 2295 scd
895 2248 1014 2295 cessare
1037 2249 1105 2295 non
1126 2237 1230 2312 posset
1252 2250 1364 2313 usque·

292 2338 360 2401 quo
381 2320 489 2384 tratres
510 2338 586 2384 suos
615 2320 798 2384 vindicasset
819 2324 850 2383 et
871 2320 1041 2384 occisorem
1065 2320 1234 2386 occidisset.
1281 2322 1364 2387 Cum

291 2413 394 2473 autern
418 2414 526 2491 postea
546 2428 565 2471 a
579 2409 694 2473 familia
709 2409 813 2472 militis
828 2409 974 2473 occisoris
996 2409 1123 2473 fratrum
1140 2410 1206 2490 ejus
1222 2412 1365 2476 inventus

293 2502 375 2562 esset
394 2502 477 2562 totus
499 2497 680 2561 vulneribus
702 2497 867 2579 dissipatus
882 2502 913 2561 et
926 2498 1116 2577 evisceratus,
1138 2504 1253 2580 captus,
1277 2501 1364 2566 nullo

238 2606 279 2652 rso
293 2588 423 2651 vulnere
454 2591 572 2667 poterat
600 2586 699 2650 occidi
726 2582 775 2649 vel
791 2587 961 2667 ¹loquelam
992 2588 1136 2665 amittere,
1167 2588 1222 2652 sed
1245 2589 1366 2655 dicebat

294 2676 381 2757 quod
417 2694 489 2739 non
517 2680 644 2757 possent
680 2694 752 2739 eum
787 2676 928 2739 occidere
962 2676 1021 2740 nisi
1055 2676 1243 2741 sacerdotem
1279 2679 1365 2759 prius

293 2766 427 2841 haberet,
458 2765 508 2827 cui
537 2764 736 2828 confiteretur
764 2769 794 2829 et
827 2765 1040 2829 eucharistiam
1069 2766 1110 2829 ab
1141 2784 1180 2829 eo
1210 2767 1365 2848 reciperet

294 2854 366 2917 tliis
395 2853 492 2931 dictis,
525 2853 616 2920 alluit
643 2853 795 2933 sacerdos,
833 2855 883 2918 cui
915 2854 992 2917 dixit
1026 2854 1113 2934 quod
1147 2855 1233 2920 beate
1269 2856 1365 2919 Marte

292 2946 421 3006 voverat
448 2942 567 3022 vigilias
596 2943 664 3023 ejus
686 2943 718 3005 in
750 2961 830 3024 pane
852 2948 883 3006 et
903 2961 992 3023 aqua,
1024 2947 1057 3008 ut
1084 2961 1156 3009 curn
1188 2945 1268 3008 mori
1300 2962 1364 3009 non

238 3050 280 3095 uo
295 3032 482 3112 permitteret
502 3032 569 3095 sine
591 3032 787 3100 confessione
813 3033 1095 3109 etcommunione,
1123 3036 1153 3095 et
1175 3032 1235 3098 hoc
1257 3038 1364 3097 votum

295 3120 328 3183 in
351 3120 516 3183 malefactis
538 3120 605 3184 suis
627 3138 787 3201 nunquam
810 3120 949 3185 voluerat
975 3121 1146 3201 transgredi
1178 3140 1235 3203 pro
1262 3122 1365 3203 aliqua

294 3209 495 3272 neccessitate.
519 3210 606 3272 Facta
621 3214 722 3273 autem
738 3210 934 3274 confessione
955 3215 985 3273 et
1000 3214 1119 3291 recepta
1133 3212 1364 3290 communione,

294 3298 394 3383 statim
409 3301 551 3361 mortuus
565 3302 619 3361 cst
655 3298 783 3362 Militem
800 3299 896 3376 illum,
921 3298 1036 3363 dictum
1053 3299 1217 3363 dominum
1232 3300 1364 3379 Petrum,

294 3386 350 3466 qui
380 3386 528 3467 suspendi
563 3386 675 3450 lecerat
707 3386 789 3451 duos
823 3388 938 3466 tratres,
973 3388 1046 3452 dicit
1079 3388 1131 3451 illc
1160 3388 1215 3469 qui
1243 3388 1366 3470 scripsit

238 3492 281 3539 ns
296 3474 479 3539 miraculum
501 3493 535 3539 sc
557 3475 671 3540 vidisse
693 3481 723 3540 et
745 3477 806 3540 hoc
826 3476 867 3539 ab
890 3476 944 3540 illo
966 3476 1129 3543 audivisse.

685 3624 712 3682 r.
760 3618 978 3699 1=s.oo.]

385 3744 458 3805 item
481 3742 592 3806 dicitur
614 3743 701 3823 quod
731 3742 860 3823 quidam
884 3743 973 3808 miles
995 3743 1061 3822 luit,
1092 3744 1241 3809 dominus
1263 3745 1365 3825 cuius·

294 3831 367 3895 dam
397 3831 485 3895 castri
515 3832 547 3894 in
579 3832 735 3910 Alvemia,
770 3832 819 3896 cui
851 3832 1005 3914 dyabolus
1036 3832 1067 3894 in
1097 3834 1233 3897 bumana
1264 3834 1366 3915 specie

294 3920 420 3983 servivit
441 3939 497 4001 per
519 3920 685 3985 duodecim
713 3938 820 3998 annos,
849 3921 958 3985 volens
985 3921 1105 3985 deferre
1132 3941 1212 4000 eum,
1242 3922 1364 3987 sicum

295 4008 463 4088 aliquando
487 4009 637 4073 inveniret
651 4010 859 4086 immunitum,
882 4014 1009 4091 propter
1023 4010 1173 4075 malelicia
1186 4028 1250 4074 sua
1281 4010 1364 4075 Cum

240 4114 282 4161 iso
296 4097 359 4160 hoc
373 4098 538 4161 revelatum
555 4098 661 4163 luisset
675 4098 797 4162 cuidam
813 4103 919 4162 sancto
934 4100 1010 4176 viro,
1030 4100 1155 4163 accessit
1168 4098 1207 4163 ad
1223 4102 1364 4179 castrum,

294 4185 402 4250 dicens
416 4204 451 4250 se
465 4186 544 4250 velle
567 4187 652 4266 loqui
669 4205 740 4251 cum
756 4186 871 4250 lamilia
885 4186 962 4267 eius.
997 4186 1079 4251 Cum
1095 4192 1196 4252 autem
1212 4187 1365 4268 dyabolus

1206 4308 1257 4361 12·
