3584 4884
730 425 975 483 -167-

249 611 296 657 aas
309 597 355 662 ad
385 596 523 672 hamum,
553 595 681 659 difficile
710 601 811 660 autem
838 601 884 661 est
911 614 1021 661 manus
1050 596 1117 677 ejus
1146 596 1276 663 evadere
1303 602 1386 679 post·

311 703 413 764 quarn
435 685 531 747 semel
553 685 716 765 arripuerit
738 686 896 749 hominem
920 732 927 746 .
952 732 959 751 .
982 736 990 752 .
1013 734 1021 749 .

683 834 733 891 27.
773 828 827 908 [=
851 830 912 892 No.
937 828 1022 909 aad]

411 952 460 1015 De
489 952 622 1031 quadam
653 952 741 1015 etiam
772 953 853 1033 turpi
884 954 1014 1017 muliere
1042 954 1173 1033 legimus
1203 954 1289 1034 quod
1321 972 1385 1017 non

316 1045 400 1104 esset
425 1041 538 1120 aliquis
567 1041 608 1102 ita
637 1041 800 1120 religiosus
829 1060 924 1121 quern
956 1060 1020 1105 non
1051 1046 1155 1123 posset
1185 1043 1327 1124 decipere
1354 1048 1387 1106 ut

317 1148 391 1193 cum
414 1130 481 1210 ipsa
504 1134 662 1209 peccasset,
685 1134 714 1193 et
736 1130 885 1210 obligavit
906 1149 939 1193 se
962 1149 1083 1195 summa
1107 1132 1238 1213 pecunie
1260 1131 1387 1195 duobus

253 1236 302 1281 suo
318 1219 529 1295 leccatoribus,
560 1218 646 1298 quod
670 1218 827 1283 induceret
849 1220 1016 1300 quemdam
1040 1225 1178 1283 sanctum
1207 1220 1385 1283 heremitam

319 1397 456 1459 hostium
480 1396 554 1459 celle
576 1396 651 1476 ejus,
674 1397 794 1460 dicebat
808 1397 894 1477 quod
918 1398 1090 1461 societatem
1107 1415 1194 1461 suam
1211 1398 1242 1461 in
1260 1414 1387 1461 nemore

318 1486 461 1548 amiserat
482 1489 518 1562 et,
541 1485 652 1548 amissa
667 1486 723 1563 via,
747 1504 812 1565 quo
827 1485 977 1550 divertere
992 1490 1096 1567 posset
1118 1486 1279 1563 nesciebat,
1303 1487 1386 1551 unde

319 1574 467 1637 instanter
495 1579 525 1637 et
558 1574 645 1653 quasi
676 1574 864 1638 lacrimando
895 1576 975 1656 cepit
1004 1574 1182 1639 heremitam
1214 1593 1323 1655 rogare
1354 1579 1388 1637 ut

257 1678 307 1725 auo
320 1664 420 1743 ipsam
444 1663 624 1726 morientem
647 1662 763 1743 frigore
785 1667 815 1727 et
836 1664 992 1729 timentem
1017 1665 1109 1744 lupos
1128 1669 1157 1727 et
1179 1664 1253 1727 alias
1276 1664 1387 1727 bestias

318 1752 430 1815 intuitu
449 1752 507 1815 Dei
531 1752 563 1813 in
585 1752 683 1815 domo
705 1770 762 1815 sua
784 1753 931 1833 reciperet
954 1753 1004 1815 illa
1027 1758 1124 1817 nocte.
1159 1753 1297 1816 Tandem
1317 1756 1388 1833 post

319 1842 447 1903 multam
470 1841 624 1921 repulsam
651 1841 866 1921 compassione
896 1846 1000 1905 motus
1022 1842 1102 1922 cepit
1124 1860 1191 1905 eam
1216 1842 1246 1904 in
1270 1841 1386 1921 angulo

319 1930 395 1993 celle
417 1947 480 1994 sue.
516 1929 569 1992 llla
592 1948 665 1993 vero
687 1929 807 1993 dicente
829 1930 903 2010 quia
924 1931 1039 2010 frigore
1063 1936 1233 1994 moreretur
1254 1934 1284 1993 et
1306 1930 1387 1993 lame

319 2019 468 2081 heremita
497 2019 601 2098 ignem
631 2019 769 2082 accendit
799 2023 828 2083 et
857 2019 943 2083 dedit
972 2020 999 2082 ei
1033 2018 1227 2083 manducare.
1274 2018 1387 2081 Atilia

261 2119 306 2165 uro
320 2107 426 2170 levatis
448 2107 558 2188 pannis
580 2107 758 2170 calefaciens
780 2125 813 2171 se
835 2108 874 2171 ad
900 2108 1003 2189 ignem
1027 2107 1121 2189 pedes
1137 2108 1240 2171 nudos
1255 2111 1284 2171 et
1298 2125 1387 2170 crura

318 2197 401 2276 cepit
422 2196 592 2259 ostendere.
626 2196 698 2270 Que
720 2196 830 2261 videns
853 2196 1001 2261 heremita
1023 2196 1122 2260 statim
1145 2196 1255 2259 exarsit
1270 2196 1302 2259 in
1318 2214 1385 2259 eam

319 2290 442 2348 etcum
465 2286 661 2349 vehementer
681 2290 885 2366 temptaretur,
909 2286 989 2366 cepit
1006 2285 1108 2349 Deum
1132 2304 1229 2349 orare.
1274 2284 1313 2347 ht
1336 2284 1387 2347 illa

318 2374 419 2454 magis
430 2375 537 2437 volens
549 2392 620 2437 eum
632 2374 797 2438 accendere
811 2374 1066 2456 appropinquans
1078 2374 1210 2438 dicebat:
1229 2374 1386 2439 „Domine

318 2482 391 2527 ecce
406 2463 568 2543 quomodo
583 2464 645 2527 lesa
658 2482 729 2527 sum
743 2464 842 2544 spinis
865 2464 895 2527 in
921 2463 1054 2544 pedibus
1073 2468 1103 2526 et
1124 2463 1242 2543 tybiis!
1279 2463 1386 2525 Homo

263 2569 307 2616 su
320 2570 397 2615 vero
413 2552 472 2615 Dei
495 2552 593 2632 magis
615 2570 651 2615 ac
672 2552 771 2632 magis
792 2552 1016 2617 accendebatur
1031 2556 1060 2615 et
1074 2552 1154 2633 cepit
1176 2551 1290 2631 digitos
1312 2568 1386 2613 suos

319 2658 391 2704 curn
415 2642 487 2720 igne
509 2640 635 2705 candele
657 2643 839 2704 comburere
862 2646 892 2705 et
906 2660 977 2705 cum
1000 2641 1173 2705 anxiaretur
1194 2639 1283 2703 valde
1306 2639 1386 2702 dice-

320 2731 385 2793 bat:
411 2730 462 2795 „Si
485 2748 549 2793 non
566 2734 653 2810 potes
669 2731 753 2793 hunc
767 2730 925 2794 modicum
943 2731 1046 2810 ignem
1062 2730 1199 2807 sufferre,
1223 2727 1386 2809 quomodo

319 2820 425 2899 ignem
459 2820 660 2899 gehennalem
696 2837 803 2899 posses
836 2820 1027 2883 sustinere?“
1078 2820 1113 2881 Et
1143 2819 1182 2881 ita
1216 2816 1386 2881 successive

322 2908 470 2971 omnibus
491 2908 596 2987 digitis
618 2908 690 2987 igne
713 2909 860 2985 crematis,
884 2908 1011 2971 cessavit
1025 2907 1119 2971 ardor
1141 2905 1387 2987 concupiscentie

264 3014 307 3060 seo
322 2997 459 3061 carnalis.
513 2997 598 3059 illam
632 3001 734 3060 autem
764 3001 938 3077 stupentem
970 3001 999 3060 et
1031 2996 1243 3059 ammirantem
1275 2994 1387 3057 horror

319 3090 421 3149 tantm
443 3086 553 3149 invasit
582 3086 668 3165 quod
699 3090 889 3149 mortuaest
919 3104 974 3167 pre
1003 3086 1122 3149 timore.
1170 3085 1262 3147 Mane
1284 3086 1385 3145 autem

321 3176 409 3252 facto,
442 3175 508 3239 duo
538 3175 699 3238 leccatores
721 3175 760 3237 ad
795 3175 902 3238 cellam
938 3175 1083 3237 heremite
1113 3173 1269 3237 venientes
1299 3175 1329 3233 et
1358 3171 1385 3233 ei

320 3265 563 3344 improperantes
586 3264 672 3343 quod
696 3282 766 3327 cum
784 3264 834 3327 illa
850 3263 979 3327 muliere
994 3262 1196 3337 dormivisset,
1221 3264 1384 3341 postquam

322 3353 452 3416 domum
476 3353 663 3415 intraverunt
686 3353 768 3415 illam
793 3357 945 3416 mortuam
970 3352 1161 3415 invenerunt.
1196 3350 1284 3412 Tunc
1300 3349 1386 3411 here-

266 3458 310 3505 ses
324 3442 396 3504 mita
418 3442 494 3522 quid
517 3442 545 3504 ei
568 3446 657 3505 nocte
680 3442 730 3503 illa
759 3441 917 3505 accidisset
947 3441 1079 3505 narravit
1106 3444 1134 3502 et
1162 3438 1275 3518 digitos
1302 3454 1386 3499 com·

322 3532 429 3594 bustos
452 3530 592 3594 ostendit
631 3531 675 3593 llli
699 3549 774 3594 vero
797 3531 919 3610 cognita
934 3530 1057 3593 veritate
1072 3527 1160 3593 valde
1176 3526 1343 3590 doluerunt
1358 3529 1387 3588 et

322 3624 476 3699 peceatum
492 3637 583 3682 suum
601 3619 733 3683 confessi
749 3624 829 3697 sunt,
846 3624 988 3699 rogantes
1004 3617 1181 3681 heremitam
1198 3620 1232 3679 ut
1246 3633 1304 3694 pro
1318 3631 1386 3677 sus·

322 3708 462 3772 citatione
484 3726 539 3771 sua
563 3709 666 3771 Deum
690 3713 825 3789 rogaret;
856 3709 910 3789 qui
935 3708 1054 3787 rogavit
1080 3711 1110 3769 et
1136 3705 1276 3768 suscitata
1304 3705 1386 3782 post-

323 3797 452 3860 modum
468 3797 548 3861 bene
561 3798 644 3863 vixit
661 3799 738 3861 Ecce
752 3816 846 3878 quam
862 3798 1034 3878 periculosa
1045 3799 1117 3859 sunt
1131 3793 1251 3857 luxurie
1267 3789 1385 3854 blandi-

268 3900 310 3947 rao
324 3891 425 3948 menta
447 3905 508 3965 que
531 3887 620 3949 etiam
643 3887 727 3950 viros
749 3891 871 3950 sanctos
892 3885 1029 3948 alliciunt
1052 3889 1080 3947 et
1103 3883 1286 3963 impugnant
1306 3924 1313 3939 .
1330 3923 1336 3939 .
1353 3924 1384 3940 ..

682 4034 732 4091 28.
774 4028 827 4108 [=
852 4028 913 4091 No.
938 4026 1022 4106 24⁷.]

411 4150 523 4214 hudivi
558 4152 647 4214 etiam
682 4152 721 4214 de
757 4151 893 4231 quodam
930 4150 1083 4213 monacho
1120 4146 1174 4226 qui
1208 4161 1226 4206 a
1258 4136 1386 4220 pueritia
