3584 4884
848 462 1070 523 -53-

427 635 643 699 recordabatur
654 636 773 699 malicie
785 637 859 700 eius.
887 638 941 700 Vir
951 643 1052 700 autem
1065 638 1174 700 volens
1185 642 1349 717 percutere,
1366 657 1496 719 serpens

426 725 521 787 sensit
543 726 604 788 boc
631 729 660 787 et
681 725 761 805 fugit
784 726 815 787 in
839 731 961 788 antrum
985 727 1058 806 quia
1080 727 1168 789 scivit
1189 745 1223 789 se
1247 727 1441 790 malefecisse.

372 831 413 877 uo
518 815 554 875 Et
581 819 651 893 post
676 814 794 893 aliquot
820 815 886 877 dies
914 815 1025 877 mulier
1054 815 1278 894 imprecabatur
1305 816 1372 879 viro
1400 822 1433 879 ut
1459 835 1495 880 se

426 920 497 965 cum
521 907 661 983 serpente
684 902 784 965 uniret
807 908 835 966 et
858 904 966 967 odium
987 922 1080 967 suum
1096 903 1273 984 deponeret,
1296 905 1327 966 in
1344 906 1430 984 quod
1446 906 1496 968 vir

426 991 589 1054 consensit.
630 993 664 1053 Et
688 992 741 1053 ivit
762 992 802 1054 ad
826 993 965 1055 toramen
990 998 1019 1056 et
1040 994 1160 1056 vocavit
1181 998 1363 1073 serpentem,
1387 993 1496 1057 diceus

426 1098 460 1143 se
482 1098 552 1142 curn
577 1098 615 1143 eo
630 1080 708 1143 velle
732 1082 820 1143 unire
836 1086 865 1143 et
879 1082 987 1144 odium
1012 1082 1166 1145 intereos
1189 1082 1316 1145 auterre.
1347 1082 1495 1163 Cumque

427 1169 487 1231 hoc
516 1187 643 1249 serpeus
673 1169 798 1247 audiret,
829 1169 916 1232 dixit:
952 1172 1121 1250 Nunquam
1153 1172 1387 1251 reintegrabitur
1416 1172 1496 1235 inter

372 1275 413 1321 uu
429 1276 487 1321 uos
514 1258 650 1321 amicicia
677 1263 788 1336 nostra,
821 1259 893 1338 quia
918 1278 989 1322 curn
1017 1260 1227 1323 recordaberis
1254 1260 1394 1323 maleficii
1423 1262 1494 1340 mei,

428 1347 554 1426 quando
577 1365 731 1409 venenum
756 1348 786 1409 in
804 1348 896 1410 ollam
917 1349 956 1410 ad
973 1348 1219 1411 interficiendum
1243 1353 1272 1411 te
1295 1354 1323 1411 et
1345 1349 1494 1412 familiam

426 1440 508 1497 tuam
533 1436 622 1515 posui
629 1457 636 1513 ;
661 1436 749 1499 etiam
766 1437 915 1516 quoniam
939 1456 998 1516 ego
1021 1437 1208 1501 recordabor
1223 1438 1350 1517 quando
1372 1442 1405 1499 tu
1421 1457 1494 1501 cum

427 1524 532 1603 ligone
559 1524 597 1587 ad
631 1525 823 1605 puniendum
854 1544 904 1588 me
935 1527 1107 1606 percussisti
1138 1528 1256 1606 absque
1287 1527 1349 1588 ulla
1375 1527 1494 1590 miseri-

427 1613 544 1691 cordia;
568 1618 641 1676 tunc
664 1632 727 1677 non
752 1618 851 1694 potest
865 1619 943 1677 stare
965 1616 1095 1677 amicitia
1111 1620 1215 1677 nostra
1236 1619 1266 1677 et
1285 1634 1359 1695 ergo
1383 1617 1495 1679 melius

372 1718 413 1764 ouo
428 1707 473 1765 est
496 1706 528 1764 ut
551 1703 681 1782 quilibet
703 1707 842 1766 nostrum
866 1704 953 1767 solus
975 1709 1005 1766 et
1026 1705 1092 1766 sine
1116 1723 1205 1767 mora
1226 1704 1348 1767 alterius
1371 1705 1494 1767 habitet.

808 1854 857 1908 12.
894 1845 948 1925 [ε
972 1844 1001 1909 S.
1029 1846 1111 1925 me]

518 1971 638 2033 Dicitur
660 1971 755 2034 tuisse
778 1972 904 2051 quidam
924 1976 1052 2035 venator
1074 1972 1136 2051 qui,
1160 1991 1232 2034 cum
1256 1972 1397 2035 exivisset
1419 1991 1494 2052 qua-

427 2059 498 2122 dam
529 2060 579 2123 die
602 2078 672 2123 cum
696 2078 755 2123 suo
782 2079 853 2123 arcu
878 2065 907 2123 et
936 2061 1051 2140 sagittis
1076 2060 1115 2123 ad
1144 2060 1320 2123 venandum
1348 2062 1380 2122 in
1408 2062 1494 2140 silva,

427 2165 491 2211 non
516 2149 623 2227 procul
646 2168 664 2211 a
687 2150 803 2211 civitate
834 2150 965 2213 occurrit
992 2150 1019 2211 ei
1047 2168 1163 2227 cervus,
1194 2155 1224 2212 et
1250 2150 1393 2229 sagittans
1421 2170 1493 2213 eum

427 2236 575 2299 interiecit
596 2238 772 2317 accepitque
796 2238 897 2317 ipsum
915 2243 944 2301 et
963 2237 1081 2300 redibat
1101 2237 1141 2301 ad
1164 2238 1295 2302 domum
1318 2256 1405 2301 suam
1422 2258 1493 2302 cum

372 2342 413 2387 525
428 2343 474 2387 eo.
522 2326 649 2387 Etcum
673 2326 842 2389 ambularet
869 2345 926 2406 per
947 2327 1028 2389 viam
1052 2328 1184 2390 occurrit
1210 2328 1237 2389 ei
1260 2346 1334 2408 aper
1356 2328 1493 2408 quidam,

427 2418 456 2476 et
478 2432 611 2493 sequeus
634 2432 705 2475 eum
729 2433 803 2495 aper
818 2415 941 2477 volebat
963 2434 1034 2478 eum
1059 2416 1241 2494 interficere;
1265 2417 1319 2495 qui
1342 2436 1413 2479 cum
1433 2418 1495 2480 hoc

427 2501 559 2579 vidisset,
583 2501 742 2582 deponens
765 2522 889 2566 cervum
913 2504 953 2567 ab
974 2505 1105 2568 humero
1121 2523 1188 2583 suo,
1211 2505 1361 2585 sagittavit
1382 2524 1493 2586 aprum

427 2595 456 2653 et
478 2592 627 2671 percussit
649 2610 719 2653 eum
748 2592 779 2654 in
804 2592 898 2655 corde
921 2610 989 2657 suo.
1010 2590 1014 2677 Ι
1034 2593 1117 2674 Aper
1139 2613 1213 2657 vero
1241 2594 1375 2657 sentiens
1401 2595 1494 2657 vehe-

427 2680 571 2742 mentiam
595 2680 713 2743 doloris
735 2681 878 2759 vulneris,
910 2682 998 2744 irruit
1020 2682 1051 2744 in
1080 2683 1239 2745 hominem
1268 2688 1297 2745 et
1323 2683 1495 2747 vulneravit

372 2786 413 2833 seo
428 2788 499 2831 eum
523 2770 587 2831 suis
609 2770 754 2833 dentibus
777 2770 921 2833 scindens
943 2775 1079 2834 ventrem
1104 2790 1205 2849 suum,
1234 2776 1263 2834 et
1286 2777 1426 2835 mortuus
1448 2777 1495 2836 est

427 2859 531 2921 homo.
577 2858 661 2939 Aper
683 2860 771 2921 etiam
796 2878 866 2922 cum
892 2860 1017 2922 letaliter
1038 2860 1216 2923 vulneratus
1238 2866 1324 2938 esset
1352 2869 1494 2925 mortuus

427 2952 472 3011 est
486 2966 557 3011 curn
574 2966 621 3011 eo.
654 2948 775 3011 Etcum
791 2950 930 3011 transiret
952 2949 995 3011 ibi
1012 2950 1112 3029 lupus,
1135 2950 1212 3012 vidit
1233 2968 1351 3030 apmm,
1368 2968 1492 3013 cervum

426 3042 456 3099 et
478 3037 636 3101 hominem
661 3042 800 3101 mortuos
824 3042 852 3099 et
879 3038 1003 3117 gavisus
1026 3043 1071 3101 est
1092 3043 1122 3100 et
1144 3038 1219 3100 dixit
1247 3040 1278 3100 in
1303 3039 1396 3101 corde
1419 3058 1493 3102 suo:

428 3127 538 3191 Debeo
562 3144 742 3189 conservare
765 3128 821 3189 hec
844 3127 949 3189 omnia
972 3146 1033 3206 que
1056 3127 1168 3205 inveni,
1192 3132 1226 3189 ut
1240 3128 1301 3190 sint
1324 3128 1399 3189 milri
1419 3146 1493 3191 con·

372 3232 413 3278 535
428 3222 543 3279 servata
573 3234 631 3296 pro
661 3216 854 3295 temporibus
888 3217 1112 3293 necessitatum
1153 3235 1210 3279 nec
1239 3216 1349 3279 valebo
1379 3216 1419 3278 de
1449 3218 1494 3279 eis

426 3309 547 3383 gustare
571 3305 672 3382 hodie,
697 3305 750 3368 sed
774 3305 888 3367 suflicit
908 3305 984 3367 milri
1009 3323 1091 3367 nunc
1114 3305 1224 3368 rodere
1246 3306 1372 3368 cordam
1394 3324 1493 3369 arcus.

428 3394 464 3454 Et
485 3393 633 3457 accedens
656 3394 695 3456 ad
718 3413 832 3470 arcum,
864 3394 944 3475 cepit
971 3394 1080 3457 rodere
1103 3394 1229 3457 cordam
1253 3413 1314 3473 que
1345 3399 1495 3475 prorupta

426 3481 529 3544 subito
553 3483 701 3561 percussit
723 3500 794 3545 eum
818 3484 849 3545 in
873 3484 991 3545 tramite
1014 3487 1044 3545 et
1066 3487 1207 3545 mortuus
1229 3482 1343 3545 cecidit

809 3630 856 3686 rs.
894 3624 949 3704 l=
972 3625 1004 3689 s.
1032 3625 1114 3705 rsa]

517 3746 637 3809 Dicitur
658 3747 753 3810 tuisse
776 3748 903 3827 quidam
927 3750 1013 3812 dives
1030 3754 1179 3813 mercator
1193 3768 1286 3813 senex
1309 3749 1405 3827 valde,
1428 3752 1493 3829 qui,

372 3853 412 3898 seo
428 3854 497 3898 cum
522 3836 647 3898 haberet
669 3854 797 3899 uxorem
822 3838 968 3916 pulcram,
992 3856 1056 3900 non
1072 3843 1173 3901 tamen
1189 3838 1228 3901 ab
1251 3857 1287 3901 ea
1309 3838 1495 3918 diligebatur

427 3944 484 3987 nec
505 3924 628 3988 volebat
650 3924 708 3987 sibi
733 3943 811 3987 uxor
834 3944 889 3988 sua
912 3926 944 3987 in
968 3927 1046 3989 lecto
1068 3927 1228 4004 adherere;
1251 3926 1306 3990 sed
1329 3931 1493 4007 quantum-

426 4032 560 4093 cumque
583 4014 649 4094 ipse
675 4014 804 4077 traheret
831 4014 869 4076 ad
893 4033 927 4077 se
952 4014 1072 4094 [illam],
1104 4015 1155 4077 illa
1181 4033 1304 4095 semper
1330 4017 1495 4095 elongabat

426 4122 459 4166 se
481 4104 520 4165 ab
545 4121 591 4165 eo.
623 4102 766 4175 Quadam
789 4122 863 4165 vero
887 4109 976 4165 nocte
999 4103 1072 4164 dum
1098 4104 1229 4165 iacerent
1250 4104 1343 4166 simul
1367 4104 1493 4168 inlecto

426 4190 602 4271 supervenit
632 4191 675 4253 eis
710 4191 770 4268 tur,
806 4196 835 4253 et
863 4191 987 4253 excitata
1017 4191 1127 4252 mulier
1153 4191 1192 4252 ad
1227 4194 1385 4270 strepitum
1414 4193 1493 4257 furis
