3584 4884
713 446 933 502 ..27-

284 617 420 694 discede;
436 623 469 679 tu
482 618 589 695 homo,
604 617 645 680 de
659 617 812 681 solvendo
826 622 967 698 semente
982 619 1047 682 noli
1063 618 1212 682 laborare.
1237 619 1352 681 Nonne

284 706 395 786 legisti:
420 706 486 780 Qui
510 706 681 787 pendulum
705 706 838 785 solverit,
860 724 1049 787 supereum
1075 707 1187 788 [ruina]
1212 708 1291 771 erit?

709 849 785 912 Vlll.
833 856 887 911 2·-
900 858 929 911 4.

239 991 274 1036 uo
374 982 405 1036 2.
427 972 566 1047 Quidam
583 973 771 1037 versificator
785 991 892 1037 versus
909 973 1045 1054 [faciens]
1062 973 1263 1053 praesentavit
1278 974 1351 1053 regi.

287 1062 321 1124 Et
335 1062 473 1125 laudavit
488 1080 540 1124 rex
557 1062 716 1141 ingenium
733 1080 833 1139 suum,
848 1062 999 1142 iussitque
1014 1066 1048 1125 ut
1062 1061 1182 1125 donum
1198 1078 1257 1143 pro
1272 1062 1352 1125 facto

285 1155 471 1231 exposceret
510 1150 574 1225 Qui
589 1151 648 1213 tale
664 1150 783 1214 donum
799 1151 978 1232 expostulat,
1001 1155 1035 1213 ut
1049 1168 1083 1214 sc
1096 1150 1259 1230 Janitorem
1278 1168 1352 1214 suae

285 1239 411 1303 civitatis
435 1258 492 1320 per
514 1257 651 1303 mensem
675 1239 793 1318 faceret,
817 1245 846 1303 et
867 1240 1017 1320 acciperet
1038 1240 1078 1303 ab
1101 1240 1187 1303 omni
1217 1239 1352 1319 gibboso

285 1328 456 1406 denarium,
480 1332 510 1391 et
531 1329 673 1392 scabioso
697 1327 864 1407 denarium,
889 1334 919 1391 et
939 1329 1109 1392 monoculo
1128 1328 1299 1406 denarium,
1322 1334 1352 1391 et

240 1435 274 1480 nu
287 1416 509 1498 impetiginoso
537 1416 707 1497 denarium,
731 1421 759 1480 et
786 1417 933 1481 hernioso
960 1417 1131 1481 denarium.
1178 1417 1276 1492 Quod
1300 1436 1353 1480 rex

286 1507 437 1570 concessit
459 1510 489 1568 et
511 1524 569 1570 suo
592 1506 696 1586 sigillo
719 1506 882 1570 roboravit.
929 1506 994 1581 Qui
1018 1506 1187 1570 ministerio
1210 1512 1352 1587 suscepto

286 1600 390 1675 portae
412 1594 535 1673 assedit,
559 1599 589 1658 et
611 1595 812 1658 ministerium
835 1613 928 1659 suum
952 1596 1023 1675 egit
1071 1602 1101 1659 3.
1126 1595 1271 1670 Quadam
1301 1595 1353 1657 die

285 1684 439 1763 gibbosus
461 1684 542 1747 bene
570 1688 715 1764 cappatus
736 1702 807 1747 cum
832 1684 943 1748 baculo
966 1689 1085 1765 portam
1114 1684 1244 1747 intravit.
1291 1682 1351 1747 Cui

285 1772 476 1836 versificator
488 1773 600 1836 obvius
612 1772 771 1836 denarium
785 1773 929 1854 postulat,¹
937 1773 992 1853 qui
1004 1773 1077 1836 dare
1088 1773 1260 1853 denegavit.
1281 1773 1351 1835 Vim

239 1879 274 1925 uo
288 1861 437 1925 inferente
448 1862 660 1936 versificatore,
679 1861 754 1924 dum
767 1862 922 1943 caputium
935 1862 975 1925 de
987 1864 1083 1943 capite
1094 1863 1173 1925 levat
1183 1862 1352 1943 gibbosum

286 1950 491 2014 monoculum
508 1950 711 2031 deprehendit
725 1969 801 2015 esse.
831 1951 922 2015 Duos
937 1968 1012 2031 ergo
1028 1950 1173 2015 denarios
1188 1950 1354 2032 postulata

286 2058 350 2119 quo
374 2040 462 2119 prius
485 2057 584 2102 unum
607 2039 737 2121 expetiit.
776 2040 884 2103 Noluit
907 2040 990 2103 dare.
1030 2040 1176 2109 Retentus
1198 2044 1251 2103 est
1279 2041 1352 2102 Non

286 2129 404 2191 habens
432 2128 582 2191 auxilium
610 2128 716 2208 fugere
739 2128 843 2207 voluit,
868 2128 923 2192 sed
947 2147 1002 2210 per
1025 2130 1182 2211 caputium
1209 2133 1354 2192 retractus

287 2217 383 2298 capite
405 2216 523 2280 nudato
543 2217 684 2298 apparuit
703 2218 870 2282 scabiosus.
911 2218 1049 2281 Postulat
1068 2219 1095 2281 ei
1116 2223 1178 2282 tres
1198 2217 1352 2281 denarios.

240 2322 274 2368 uo
289 2315 316 2371 4.
332 2306 451 2369 Videns
463 2306 614 2386 gibbosus
626 2324 727 2386 neque
738 2306 812 2387 fuga
824 2324 925 2387 neque
936 2306 1051 2371 auxilio
1065 2326 1100 2371 se
1111 2324 1204 2388 posse
1218 2306 1353 2383 defendi,

287 2396 387 2476 coepit
408 2396 439 2457 vi
461 2395 606 2473 resistere,
627 2394 858 2475 defendensque
880 2412 914 2459 se
930 2395 1053 2459 nudatis
1068 2396 1200 2459 brachiis
1214 2397 1355 2476 apparuit

287 2484 406 2547 habens
422 2484 642 2565 impetiginem.
677 2483 829 2558 Quartum
845 2503 921 2548 vero
936 2484 1097 2548 denarium
1115 2484 1256 2565 postulat.
1292 2484 1353 2547 Cui

288 2572 465 2636 defendenti
487 2590 613 2653 cappam
637 2573 769 2637 abstulit.
810 2574 846 2635 Et
860 2573 987 2637 cadente
1010 2573 1063 2637 illo
1087 2574 1119 2635 in
1142 2577 1263 2650 terram,
1286 2574 1354 2636 her-

288 2662 413 2725 niosum
437 2662 595 2741 comperit
635 2662 787 2737 Quintum
811 2680 886 2742 ergo
909 2662 1071 2726 denarium
1094 2663 1134 2725 ab
1157 2680 1196 2725 eo
1218 2663 1352 2725 extorsit.

242 2749 491 2901 mgigqconfigit
514 2755 547 2813 ut
568 2750 622 2831 qui
639 2768 736 2813 unum
760 2750 841 2815 ultro
856 2750 931 2814 dare
950 2752 1057 2830 noluit,
1081 2752 1221 2831 quinque
1241 2751 1354 2814 invitus

308 2858 325 2901 e
349 2858 380 2901 1.

729 2962 767 3027 X.
816 2968 911 3027 6-8.

379 3112 408 3169 6.
436 3106 570 3169 Perrexit
596 3104 723 3185 quidam
746 3106 935 3169 vindemiare
962 3106 1084 3170 vineam
1112 3124 1211 3170 suam.
1256 3104 1353 3180 Quod

289 3212 368 3258 uxor
384 3194 468 3257 illius
487 3194 595 3259 videns
616 3194 763 3259 intellexit
782 3195 868 3257 illum
888 3195 967 3258 circa
981 3195 1102 3258 vineam
1118 3195 1235 3257 diutius
1255 3213 1354 3258 mora-

289 3289 404 3345 nuum.
442 3284 478 3345 Et
497 3283 592 3347 misso
613 3284 729 3348 nuncio
749 3284 930 3348 convocavit
950 3284 1092 3361 amicum,
1114 3282 1355 3364 conviviumque

243 3389 277 3435 uo
290 3376 384 3452 parat.
424 3371 542 3435 Accidit
565 3376 666 3435 autem
693 3373 779 3453 quod
804 3372 952 3437 dominus
977 3392 1063 3436 ramo
1083 3372 1190 3435 vineae
1210 3372 1241 3435 in
1262 3373 1355 3437 oculo

290 3478 454 3541 percussus
465 3461 528 3524 cito
544 3462 673 3525 domum
690 3460 809 3540 rediret,
825 3461 902 3524 nihil
915 3461 954 3524 de
969 3461 1063 3525 oculo
1075 3479 1221 3543 percusso
1232 3461 1354 3539 videns;

289 3550 479 3630 veniensque
500 3549 539 3612 nd
562 3555 681 3631 portam
702 3550 816 3614 domus
835 3568 910 3614 suae
936 3552 1049 3614 ostium
1070 3550 1210 3631 pulsavit.
1257 3550 1354 3625 Quod

290 3656 369 3702 uxor
404 3637 575 3718 intelligens
609 3638 739 3702 nimium
775 3640 949 3721 perturbata
983 3644 1186 3703 convocatum
1220 3640 1354 3703 amicum

289 3726 452 3791 abscondit
466 3744 615 3807 seorsum,
631 3731 661 3791 et
675 3728 743 3792 viro
758 3746 817 3793 suo
832 3729 931 3793 statim
948 3729 1061 3793 ostium
1077 3730 1196 3810 aperire
1211 3730 1353 3792 cucurrit.

245 3820 321 3879 1⁵57.
345 3816 412 3891 Qui
436 3816 551 3880 intrans
579 3817 710 3880 nimium
735 3818 826 3881 tristis
848 3821 878 3881 et
900 3818 1032 3897 graviter
1058 3817 1169 3882 dolens
1191 3818 1223 3880 fn
1255 3817 1355 3894 oculo,

290 3904 378 3983 jussit
401 3904 433 3967 in
457 3922 575 3968 camera
598 3906 708 3969 lectum
733 3924 912 3986 praeparare
934 3911 969 3969 ut
995 3907 1038 3969 ibi
1062 3912 1167 3986 posset
1189 3906 1355 3986 quiescere.

292 3992 406 4057 Timuit
427 4011 564 4057 uxorne
584 3995 700 4058 intrans
720 4012 870 4059 cameram
892 3995 1025 4057 amicum
1047 3994 1211 4059 latitantem
1227 3994 1354 4059 videret.

294 4081 377 4145 Dixit
396 4082 439 4144 ei:
461 4081 547 4156 Quid
570 4087 686 4145 tantum
702 4100 850 4163 properas
864 4082 904 4145 ad
921 4083 1055 4146 lectum?
1095 4085 1155 4147 Dic
1176 4082 1252 4145 mihi
1269 4082 1355 4161 prius

294 4170 366 4249 quid
382 4170 438 4234 tibi
455 4170 649 4251 contigisset?
670 4206 696 4215 -
715 4170 918 4249 Narravitque
933 4172 961 4233 ei
976 4174 1074 4234 totum
1092 4176 1126 4236 ut
1140 4169 1298 4234 acciderat
1321 4204 1346 4212 -
