<?xml version="1.0" encoding="UTF-8"?>
<!DOCTYPE html PUBLIC "-//W3C//DTD XHTML 1.0 Transitional//EN"
    "http://www.w3.org/TR/xhtml1/DTD/xhtml1-transitional.dtd">
<html xmlns="http://www.w3.org/1999/xhtml" xml:lang="en" lang="en">
 <head>
  <title>
</title>
<meta http-equiv="Content-Type" content="text/html;charset=utf-8" />
  <meta name='ocr-system' content='tesseract 3.04.00' />
  <meta name='ocr-capabilities' content='ocr_page ocr_carea ocr_par ocr_line ocrx_word'/>
</head>
<body>
  <div class='ocr_page' id='page_1' title='image "./probenderlatein01ulrigoog_0063.png"; bbox 0 0 3584 4884; ppageno 0'>
   <div class='ocr_carea' id='block_1_1' title="bbox 834 478 1054 538">
    <p class='ocr_par' dir='ltr' id='par_1_1' title="bbox 834 478 1054 538">
     <span class='ocr_line' id='line_1_1' title="bbox 834 478 1054 538; baseline -0.005 -19"><span class='ocrx_word' id='word_1_1' title='bbox 834 478 1054 538; x_wconf 77' lang='lat'>..54-</span> 
     </span>
    </p>
   </div>
   <div class='ocr_carea' id='block_1_2' title="bbox 411 634 1480 823">
    <p class='ocr_par' dir='ltr' id='par_1_2' title="bbox 411 634 1480 823">
     <span class='ocr_line' id='line_1_2' title="bbox 411 634 1480 731; baseline -0.003 -16"><span class='ocrx_word' id='word_1_2' title='bbox 411 634 518 717; x_wconf 35' lang='lat' dir='ltr'><strong>suum*</strong></span> <span class='ocrx_word' id='word_1_3' title='bbox 535 652 708 715; x_wconf 86' lang='lat' dir='ltr'><strong>defraudari</strong></span> <span class='ocrx_word' id='word_1_4' title='bbox 740 651 826 715; x_wconf 88' lang='lat' dir='ltr'><strong>nisus</strong></span> <span class='ocrx_word' id='word_1_5' title='bbox 855 656 941 730; x_wconf 81' lang='lat' dir='ltr'><strong>esset,</strong></span> <span class='ocrx_word' id='word_1_6' title='bbox 973 655 1003 715; x_wconf 92' lang='lat' dir='ltr'><strong>et</strong></span> <span class='ocrx_word' id='word_1_7' title='bbox 1033 670 1067 715; x_wconf 93' lang='lat' dir='ltr'><strong>se</strong></span> <span class='ocrx_word' id='word_1_8' title='bbox 1096 651 1197 731; x_wconf 92' lang='lat' dir='ltr'><strong>ipsum</strong></span> <span class='ocrx_word' id='word_1_9' title='bbox 1229 668 1291 712; x_wconf 90' lang='lat' dir='ltr'><strong>una</strong></span> <span class='ocrx_word' id='word_1_10' title='bbox 1318 667 1388 712; x_wconf 92' lang='lat' dir='ltr'><strong>cum</strong></span> <span class='ocrx_word' id='word_1_11' title='bbox 1418 666 1480 713; x_wconf 90' lang='lat' dir='ltr'><strong>suo</strong></span> 
     </span>
     <span class='ocr_line' id='line_1_3' title="bbox 412 740 1168 823; baseline -0.001 -19"><span class='ocrx_word' id='word_1_12' title='bbox 412 746 496 823; x_wconf 87' lang='lat' dir='ltr'><strong>patre</strong></span> <span class='ocrx_word' id='word_1_13' title='bbox 520 741 550 803; x_wconf 89' lang='lat' dir='ltr'><strong>in</strong></span> <span class='ocrx_word' id='word_1_14' title='bbox 575 741 657 804; x_wconf 91' lang='lat' dir='ltr'><strong>idem</strong></span> <span class='ocrx_word' id='word_1_15' title='bbox 681 741 797 805; x_wconf 93' lang='lat' dir='ltr'><strong>corruit</strong></span> <span class='ocrx_word' id='word_1_16' title='bbox 819 741 932 804; x_wconf 93' lang='lat' dir='ltr'><strong>vicium</strong></span> <span class='ocrx_word' id='word_1_17' title='bbox 958 744 986 803; x_wconf 89' lang='lat' dir='ltr'><strong>et</strong></span> <span class='ocrx_word' id='word_1_18' title='bbox 1009 740 1168 803; x_wconf 90' lang='lat' dir='ltr'><strong>damnum.</strong></span> 
     </span>
    </p>
   </div>
   <div class='ocr_carea' id='block_1_3' title="bbox 813 882 1080 963">
    <p class='ocr_par' dir='ltr' id='par_1_3' title="bbox 813 882 1080 963">
     <span class='ocr_line' id='line_1_4' title="bbox 813 882 1080 963; baseline -0.004 -18"><span class='ocrx_word' id='word_1_19' title='bbox 813 888 843 946; x_wconf 78' lang='lat'><strong>⁶.</strong></span> <span class='ocrx_word' id='word_1_20' title='bbox 881 882 935 963; x_wconf 81' lang='lat'><strong>1=</strong></span> <span class='ocrx_word' id='word_1_21' title='bbox 960 882 990 946; x_wconf 90' lang='lat' dir='ltr'><strong>s.</strong></span> <span class='ocrx_word' id='word_1_22' title='bbox 1015 882 1080 961; x_wconf 74' lang='lat' dir='ltr'><strong>ss]</strong></span> 
     </span>
    </p>
   </div>
   <div class='ocr_carea' id='block_1_4' title="bbox 354 1005 1480 2947">
    <p class='ocr_par' dir='ltr' id='par_1_4' title="bbox 354 1005 1480 2947">
     <span class='ocr_line' id='line_1_5' title="bbox 502 1005 1480 1088; baseline -0.003 -18"><span class='ocrx_word' id='word_1_23' title='bbox 502 1007 571 1071; x_wconf 84' lang='lat' dir='ltr'><strong>Fuit</strong></span> <span class='ocrx_word' id='word_1_24' title='bbox 604 1006 730 1088; x_wconf 90' lang='lat' dir='ltr'><strong>quidam</strong></span> <span class='ocrx_word' id='word_1_25' title='bbox 766 1008 820 1086; x_wconf 92' lang='lat' dir='ltr'><strong>qui</strong></span> <span class='ocrx_word' id='word_1_26' title='bbox 851 1006 983 1070; x_wconf 89' lang='lat' dir='ltr'><strong>habebat</strong></span> <span class='ocrx_word' id='word_1_27' title='bbox 1016 1006 1175 1087; x_wconf 84' lang='lat' dir='ltr'>pulchram</span> <span class='ocrx_word' id='word_1_28' title='bbox 1211 1005 1380 1082; x_wconf 88' lang='lat' dir='ltr'><strong>mulierem,</strong></span> <span class='ocrx_word' id='word_1_29' title='bbox 1416 1009 1480 1067; x_wconf 92' lang='lat' dir='ltr'><strong>erat</strong></span> 
     </span>
     <span class='ocr_line' id='line_1_6' title="bbox 411 1094 1477 1173; baseline -0.005 -13"><span class='ocrx_word' id='word_1_30' title='bbox 411 1101 511 1160; x_wconf 89' lang='lat' dir='ltr'><strong>tamen</strong></span> <span class='ocrx_word' id='word_1_31' title='bbox 536 1097 685 1159; x_wconf 86' lang='lat' dir='ltr'><strong>meretrix.</strong></span> <span class='ocrx_word' id='word_1_32' title='bbox 732 1095 875 1170; x_wconf 89' lang='lat' dir='ltr'><strong>Quadam</strong></span> <span class='ocrx_word' id='word_1_33' title='bbox 899 1113 973 1158; x_wconf 92' lang='lat' dir='ltr'><strong>vero</strong></span> <span class='ocrx_word' id='word_1_34' title='bbox 989 1094 1048 1173; x_wconf 87' lang='lat' dir='ltr'><strong>die,</strong></span> <span class='ocrx_word' id='word_1_35' title='bbox 1072 1113 1142 1157; x_wconf 94' lang='lat' dir='ltr'><strong>cum</strong></span> <span class='ocrx_word' id='word_1_36' title='bbox 1158 1094 1206 1157; x_wconf 91' lang='lat' dir='ltr'><strong>vir</strong></span> <span class='ocrx_word' id='word_1_37' title='bbox 1219 1111 1296 1157; x_wconf 90' lang='lat' dir='ltr'><strong>suus</strong></span> <span class='ocrx_word' id='word_1_38' title='bbox 1319 1097 1477 1173; x_wconf 81' lang='lat' dir='ltr'>egrotaret,</span> 
     </span>
     <span class='ocr_line' id='line_1_7' title="bbox 356 1183 1479 1264; baseline -0.004 -15"><span class='ocrx_word' id='word_1_39' title='bbox 356 1203 398 1249; x_wconf 82' lang='lat' dir='ltr'><strong>aso</strong></span> <span class='ocrx_word' id='word_1_40' title='bbox 413 1185 489 1249; x_wconf 88' lang='lat' dir='ltr'>dixit</span> <span class='ocrx_word' id='word_1_41' title='bbox 511 1186 538 1248; x_wconf 90' lang='lat' dir='ltr'><strong>ei</strong></span> <span class='ocrx_word' id='word_1_42' title='bbox 562 1190 595 1248; x_wconf 92' lang='lat' dir='ltr'><strong>ut</strong></span> <span class='ocrx_word' id='word_1_43' title='bbox 618 1186 674 1247; x_wconf 93' lang='lat' dir='ltr'><strong>iret</strong></span> <span class='ocrx_word' id='word_1_44' title='bbox 695 1184 734 1247; x_wconf 91' lang='lat' dir='ltr'><strong>ad</strong></span> <span class='ocrx_word' id='word_1_45' title='bbox 757 1188 913 1264; x_wconf 89' lang='lat' dir='ltr'><strong>apotecam</strong></span> <span class='ocrx_word' id='word_1_46' title='bbox 938 1188 967 1247; x_wconf 92' lang='lat' dir='ltr'><strong>et</strong></span> <span class='ocrx_word' id='word_1_47' title='bbox 989 1188 1102 1247; x_wconf 90' lang='lat' dir='ltr'><strong>emeret</strong></span> <span class='ocrx_word' id='word_1_48' title='bbox 1133 1183 1193 1246; x_wconf 91' lang='lat' dir='ltr'>sibi</span> <span class='ocrx_word' id='word_1_49' title='bbox 1222 1183 1262 1246; x_wconf 92' lang='lat' dir='ltr'><strong>de</strong></span> <span class='ocrx_word' id='word_1_50' title='bbox 1285 1184 1378 1246; x_wconf 90' lang='lat' dir='ltr'><strong>rebus</strong></span> <span class='ocrx_word' id='word_1_51' title='bbox 1401 1200 1479 1262; x_wconf 89' lang='lat' dir='ltr'><strong>quas</strong></span> 
     </span>
     <span class='ocr_line' id='line_1_8' title="bbox 414 1272 1478 1352; baseline -0.003 -16"><span class='ocrx_word' id='word_1_52' title='bbox 414 1274 551 1338; x_wconf 89' lang='lat' dir='ltr'><strong>medicus</strong></span> <span class='ocrx_word' id='word_1_53' title='bbox 574 1274 755 1339; x_wconf 82' lang='lat' dir='ltr'><strong>consuleret.</strong></span> <span class='ocrx_word' id='word_1_54' title='bbox 793 1275 827 1336; x_wconf 83' lang='lat' dir='ltr'><strong>Et</strong></span> <span class='ocrx_word' id='word_1_55' title='bbox 843 1290 996 1352; x_wconf 82' lang='lat' dir='ltr'><strong>exurgens</strong></span> <span class='ocrx_word' id='word_1_56' title='bbox 1012 1272 1123 1336; x_wconf 90' lang='lat' dir='ltr'><strong>mulier</strong></span> <span class='ocrx_word' id='word_1_57' title='bbox 1138 1272 1191 1334; x_wconf 95' lang='lat' dir='ltr'><strong>ivit</strong></span> <span class='ocrx_word' id='word_1_58' title='bbox 1205 1272 1245 1334; x_wconf 89' lang='lat' dir='ltr'><strong>ad</strong></span> <span class='ocrx_word' id='word_1_59' title='bbox 1260 1272 1478 1352; x_wconf 87' lang='lat' dir='ltr'><strong>apotecarium,</strong></span> 
     </span>
     <span class='ocr_line' id='line_1_9' title="bbox 412 1359 1479 1443; baseline -0.002 -18"><span class='ocrx_word' id='word_1_60' title='bbox 412 1364 465 1443; x_wconf 93' lang='lat' dir='ltr'><strong>qui</strong></span> <span class='ocrx_word' id='word_1_61' title='bbox 490 1367 552 1426; x_wconf 91' lang='lat' dir='ltr'><strong>erat</strong></span> <span class='ocrx_word' id='word_1_62' title='bbox 574 1364 707 1426; x_wconf 89' lang='lat' dir='ltr'><strong>amasius</strong></span> <span class='ocrx_word' id='word_1_63' title='bbox 729 1380 813 1439; x_wconf 86' lang='lat' dir='ltr'><strong>suus,</strong></span> <span class='ocrx_word' id='word_1_64' title='bbox 836 1367 870 1424; x_wconf 91' lang='lat' dir='ltr'><strong>ut</strong></span> <span class='ocrx_word' id='word_1_65' title='bbox 891 1362 951 1425; x_wconf 88' lang='lat' dir='ltr'>sibi</span> <span class='ocrx_word' id='word_1_66' title='bbox 973 1361 1058 1424; x_wconf 90' lang='lat' dir='ltr'><strong>daret</strong></span> <span class='ocrx_word' id='word_1_67' title='bbox 1080 1361 1146 1423; x_wconf 89' lang='lat' dir='ltr'><strong>illas</strong></span> <span class='ocrx_word' id='word_1_68' title='bbox 1169 1379 1231 1438; x_wconf 90' lang='lat' dir='ltr'><strong>res;</strong></span> <span class='ocrx_word' id='word_1_69' title='bbox 1254 1365 1284 1423; x_wconf 91' lang='lat' dir='ltr'><strong>et</strong></span> <span class='ocrx_word' id='word_1_70' title='bbox 1306 1359 1479 1423; x_wconf 89' lang='lat' dir='ltr'><strong>introducta</strong></span> 
     </span>
     <span class='ocr_line' id='line_1_10' title="bbox 412 1449 1478 1532; baseline -0.002 -19"><span class='ocrx_word' id='word_1_71' title='bbox 412 1452 443 1514; x_wconf 92' lang='lat' dir='ltr'><strong>in</strong></span> <span class='ocrx_word' id='word_1_72' title='bbox 466 1456 599 1532; x_wconf 86' lang='lat' dir='ltr'><strong>apoteca,</strong></span> <span class='ocrx_word' id='word_1_73' title='bbox 622 1452 701 1515; x_wconf 91' lang='lat' dir='ltr'><strong>stetit</strong></span> <span class='ocrx_word' id='word_1_74' title='bbox 723 1469 793 1514; x_wconf 93' lang='lat' dir='ltr'><strong>cum</strong></span> <span class='ocrx_word' id='word_1_75' title='bbox 817 1451 933 1513; x_wconf 91' lang='lat' dir='ltr'><strong>amasio</strong></span> <span class='ocrx_word' id='word_1_76' title='bbox 956 1468 1024 1513; x_wconf 93' lang='lat' dir='ltr'><strong>suo.</strong></span> <span class='ocrx_word' id='word_1_77' title='bbox 1072 1451 1107 1512; x_wconf 82' lang='lat' dir='ltr'><strong>Et</strong></span> <span class='ocrx_word' id='word_1_78' title='bbox 1130 1450 1265 1530; x_wconf 87' lang='lat' dir='ltr'><strong>precepit</strong></span> <span class='ocrx_word' id='word_1_79' title='bbox 1287 1449 1478 1529; x_wconf 89' lang='lat' dir='ltr'><strong>apotecarius</strong></span> 
     </span>
     <span class='ocr_line' id='line_1_11' title="bbox 410 1537 1478 1620; baseline -0.004 -17"><span class='ocrx_word' id='word_1_80' title='bbox 410 1558 500 1603; x_wconf 89' lang='lat' dir='ltr'><strong>servo</strong></span> <span class='ocrx_word' id='word_1_81' title='bbox 515 1558 573 1603; x_wconf 88' lang='lat' dir='ltr'><strong>suo</strong></span> <span class='ocrx_word' id='word_1_82' title='bbox 589 1540 674 1620; x_wconf 92' lang='lat' dir='ltr'><strong>quod</strong></span> <span class='ocrx_word' id='word_1_83' title='bbox 689 1540 774 1602; x_wconf 91' lang='lat' dir='ltr'><strong>daret</strong></span> <span class='ocrx_word' id='word_1_84' title='bbox 788 1539 846 1603; x_wconf 92' lang='lat' dir='ltr'><strong>sibi</strong></span> <span class='ocrx_word' id='word_1_85' title='bbox 860 1539 965 1602; x_wconf 91' lang='lat' dir='ltr'><strong>omnia</strong></span> <span class='ocrx_word' id='word_1_86' title='bbox 976 1558 1038 1619; x_wconf 91' lang='lat' dir='ltr'><strong>que</strong></span> <span class='ocrx_word' id='word_1_87' title='bbox 1049 1539 1178 1601; x_wconf 91' lang='lat' dir='ltr'><strong>volebat.</strong></span> <span class='ocrx_word' id='word_1_88' title='bbox 1194 1537 1308 1602; x_wconf 89' lang='lat' dir='ltr'><strong>Servus</strong></span> <span class='ocrx_word' id='word_1_89' title='bbox 1319 1556 1394 1600; x_wconf 93' lang='lat' dir='ltr'><strong>vero</strong></span> <span class='ocrx_word' id='word_1_90' title='bbox 1406 1556 1478 1600; x_wconf 93' lang='lat' dir='ltr'><strong>cum</strong></span> 
     </span>
     <span class='ocr_line' id='line_1_12' title="bbox 356 1626 1479 1709; baseline -0.004 -16"><span class='ocrx_word' id='word_1_91' title='bbox 356 1646 398 1693; x_wconf 77' lang='lat' dir='ltr'><strong>auo</strong></span> <span class='ocrx_word' id='word_1_92' title='bbox 413 1634 491 1692; x_wconf 88' lang='lat' dir='ltr'><strong>esset</strong></span> <span class='ocrx_word' id='word_1_93' title='bbox 505 1630 613 1692; x_wconf 86' lang='lat' dir='ltr'><strong>stultus</strong></span> <span class='ocrx_word' id='word_1_94' title='bbox 624 1628 739 1709; x_wconf 91' lang='lat' dir='ltr'><strong>accepit</strong></span> <span class='ocrx_word' id='word_1_95' title='bbox 751 1628 977 1707; x_wconf 84' lang='lat' dir='ltr'><strong>manutergium</strong></span> <span class='ocrx_word' id='word_1_96' title='bbox 989 1632 1019 1690; x_wconf 94' lang='lat' dir='ltr'><strong>et</strong></span> <span class='ocrx_word' id='word_1_97' title='bbox 1030 1627 1158 1690; x_wconf 91' lang='lat' dir='ltr'><strong>involvit</strong></span> <span class='ocrx_word' id='word_1_98' title='bbox 1173 1628 1204 1689; x_wconf 89' lang='lat' dir='ltr'><strong>in</strong></span> <span class='ocrx_word' id='word_1_99' title='bbox 1217 1645 1255 1689; x_wconf 93' lang='lat' dir='ltr'><strong>eo</strong></span> <span class='ocrx_word' id='word_1_100' title='bbox 1268 1627 1426 1707; x_wconf 90' lang='lat' dir='ltr'><strong>pulverem</strong></span> <span class='ocrx_word' id='word_1_101' title='bbox 1439 1626 1479 1688; x_wconf 93' lang='lat' dir='ltr'><strong>de</strong></span> 
     </span>
     <span class='ocr_line' id='line_1_13' title="bbox 411 1715 1478 1797; baseline -0.002 -17"><span class='ocrx_word' id='word_1_102' title='bbox 411 1722 489 1781; x_wconf 88' lang='lat' dir='ltr'><strong>terra</strong></span> <span class='ocrx_word' id='word_1_103' title='bbox 504 1722 533 1781; x_wconf 89' lang='lat' dir='ltr'><strong>et</strong></span> <span class='ocrx_word' id='word_1_104' title='bbox 549 1717 652 1797; x_wconf 89' lang='lat' dir='ltr'><strong>ligavit</strong></span> <span class='ocrx_word' id='word_1_105' title='bbox 666 1722 695 1780; x_wconf 90' lang='lat' dir='ltr'><strong>et</strong></span> <span class='ocrx_word' id='word_1_106' title='bbox 710 1716 793 1779; x_wconf 90' lang='lat' dir='ltr'><strong>dedit</strong></span> <span class='ocrx_word' id='word_1_107' title='bbox 809 1716 929 1779; x_wconf 91' lang='lat' dir='ltr'><strong>mulieri</strong></span> <span class='ocrx_word' id='word_1_108' title='bbox 945 1715 1051 1779; x_wconf 89' lang='lat' dir='ltr'><strong>dicens</strong></span> <span class='ocrx_word' id='word_1_109' title='bbox 1066 1717 1108 1778; x_wconf 90' lang='lat' dir='ltr'><strong>ei:</strong></span> <span class='ocrx_word' id='word_1_110' title='bbox 1125 1718 1201 1779; x_wconf 81' lang='lat' dir='ltr'><strong>Ecce</strong></span> <span class='ocrx_word' id='word_1_111' title='bbox 1216 1716 1322 1779; x_wconf 90' lang='lat' dir='ltr'><strong>omnia</strong></span> <span class='ocrx_word' id='word_1_112' title='bbox 1336 1720 1409 1778; x_wconf 92' lang='lat' dir='ltr'><strong>sunt</strong></span> <span class='ocrx_word' id='word_1_113' title='bbox 1424 1715 1478 1778; x_wconf 88' lang='lat' dir='ltr'><strong>ibi.</strong></span> 
     </span>
     <span class='ocr_line' id='line_1_14' title="bbox 413 1804 1477 1884; baseline -0.004 -15"><span class='ocrx_word' id='word_1_114' title='bbox 413 1808 448 1869; x_wconf 85' lang='lat' dir='ltr'><strong>Et</strong></span> <span class='ocrx_word' id='word_1_115' title='bbox 469 1807 576 1870; x_wconf 90' lang='lat' dir='ltr'><strong>abiens</strong></span> <span class='ocrx_word' id='word_1_116' title='bbox 600 1806 710 1869; x_wconf 89' lang='lat' dir='ltr'><strong>mulier</strong></span> <span class='ocrx_word' id='word_1_117' title='bbox 732 1805 770 1869; x_wconf 89' lang='lat' dir='ltr'><strong>ad</strong></span> <span class='ocrx_word' id='word_1_118' title='bbox 787 1805 917 1869; x_wconf 93' lang='lat' dir='ltr'><strong>domum</strong></span> <span class='ocrx_word' id='word_1_119' title='bbox 941 1823 1037 1881; x_wconf 85' lang='lat' dir='ltr'><strong>suam,</strong></span> <span class='ocrx_word' id='word_1_120' title='bbox 1061 1804 1227 1884; x_wconf 83' lang='lat' dir='ltr'><strong>assignavit</strong></span> <span class='ocrx_word' id='word_1_121' title='bbox 1249 1804 1477 1884; x_wconf 89' lang='lat' dir='ltr'><strong>manutergium</strong></span> 
     </span>
     <span class='ocr_line' id='line_1_15' title="bbox 411 1893 1478 1973; baseline -0.004 -14"><span class='ocrx_word' id='word_1_122' title='bbox 411 1912 469 1959; x_wconf 90' lang='lat' dir='ltr'><strong>suo</strong></span> <span class='ocrx_word' id='word_1_123' title='bbox 481 1895 556 1973; x_wconf 87' lang='lat' dir='ltr'><strong>viro,</strong></span> <span class='ocrx_word' id='word_1_124' title='bbox 573 1899 602 1958; x_wconf 93' lang='lat' dir='ltr'><strong>et</strong></span> <span class='ocrx_word' id='word_1_125' title='bbox 617 1895 737 1957; x_wconf 88' lang='lat' dir='ltr'><strong>intravit</strong></span> <span class='ocrx_word' id='word_1_126' title='bbox 752 1894 881 1958; x_wconf 92' lang='lat' dir='ltr'><strong>domum</strong></span> <span class='ocrx_word' id='word_1_127' title='bbox 897 1893 987 1955; x_wconf 90' lang='lat' dir='ltr'><strong>aliam</strong></span> <span class='ocrx_word' id='word_1_128' title='bbox 1004 1898 1037 1955; x_wconf 93' lang='lat' dir='ltr'><strong>ut</strong></span> <span class='ocrx_word' id='word_1_129' title='bbox 1051 1898 1225 1973; x_wconf 87' lang='lat' dir='ltr'><strong>apportaret</strong></span> <span class='ocrx_word' id='word_1_130' title='bbox 1239 1912 1300 1970; x_wconf 87' lang='lat' dir='ltr'><strong>vas,</strong></span> <span class='ocrx_word' id='word_1_131' title='bbox 1317 1893 1371 1955; x_wconf 91' lang='lat' dir='ltr'><strong>ubi</strong></span> <span class='ocrx_word' id='word_1_132' title='bbox 1388 1910 1478 1973; x_wconf 82' lang='lat' dir='ltr'><strong>repo</strong></span> 
     </span>
     <span class='ocr_line' id='line_1_16' title="bbox 412 1981 1478 2062; baseline -0.004 -15"><span class='ocrx_word' id='word_1_133' title='bbox 412 1988 496 2047; x_wconf 88' lang='lat' dir='ltr'><strong>neret</strong></span> <span class='ocrx_word' id='word_1_134' title='bbox 511 2002 559 2047; x_wconf 92' lang='lat' dir='ltr'><strong>res</strong></span> <span class='ocrx_word' id='word_1_135' title='bbox 576 1984 650 2047; x_wconf 90' lang='lat' dir='ltr'><strong>illas.</strong></span> <span class='ocrx_word' id='word_1_136' title='bbox 683 1984 718 2045; x_wconf 83' lang='lat' dir='ltr'><strong>Et</strong></span> <span class='ocrx_word' id='word_1_137' title='bbox 733 1984 856 2047; x_wconf 89' lang='lat' dir='ltr'><strong>solvens</strong></span> <span class='ocrx_word' id='word_1_138' title='bbox 871 1982 919 2044; x_wconf 94' lang='lat' dir='ltr'><strong>vir</strong></span> <span class='ocrx_word' id='word_1_139' title='bbox 934 1982 1159 2061; x_wconf 89' lang='lat' dir='ltr'><strong>manutergium</strong></span> <span class='ocrx_word' id='word_1_140' title='bbox 1177 1982 1294 2044; x_wconf 89' lang='lat' dir='ltr'><strong>invenit</strong></span> <span class='ocrx_word' id='word_1_141' title='bbox 1309 1981 1478 2062; x_wconf 86' lang='lat' dir='ltr'><strong>pulverem,</strong></span> 
     </span>
     <span class='ocr_line' id='line_1_17' title="bbox 355 2070 1478 2150; baseline -0.003 -14"><span class='ocrx_word' id='word_1_142' title='bbox 355 2090 397 2136; x_wconf 85' lang='lat' dir='ltr'><strong>aro</strong></span> <span class='ocrx_word' id='word_1_143' title='bbox 412 2077 441 2135; x_wconf 95' lang='lat' dir='ltr'><strong>et</strong></span> <span class='ocrx_word' id='word_1_144' title='bbox 470 2073 609 2135; x_wconf 91' lang='lat' dir='ltr'><strong>clamavit</strong></span> <span class='ocrx_word' id='word_1_145' title='bbox 641 2072 680 2134; x_wconf 89' lang='lat' dir='ltr'><strong>ad</strong></span> <span class='ocrx_word' id='word_1_146' title='bbox 712 2090 779 2134; x_wconf 91' lang='lat' dir='ltr'><strong>eam</strong></span> <span class='ocrx_word' id='word_1_147' title='bbox 810 2072 930 2135; x_wconf 92' lang='lat' dir='ltr'><strong>dicens:</strong></span> <span class='ocrx_word' id='word_1_148' title='bbox 966 2070 1053 2145; x_wconf 91' lang='lat' dir='ltr'><strong>Quid</strong></span> <span class='ocrx_word' id='word_1_149' title='bbox 1086 2075 1130 2133; x_wconf 77' lang='lat' dir='ltr'><strong>ast</strong></span> <span class='ocrx_word' id='word_1_150' title='bbox 1164 2071 1248 2134; x_wconf 88' lang='lat' dir='ltr'><strong>hoc?</strong></span> <span class='ocrx_word' id='word_1_151' title='bbox 1304 2070 1385 2133; x_wconf 90' lang='lat' dir='ltr'><strong>ivisti</strong></span> <span class='ocrx_word' id='word_1_152' title='bbox 1419 2088 1478 2150; x_wconf 91' lang='lat' dir='ltr'><strong>pro</strong></span> 
     </span>
     <span class='ocr_line' id='line_1_18' title="bbox 411 2159 1479 2240; baseline -0.001 -18"><span class='ocrx_word' id='word_1_153' title='bbox 411 2160 580 2238; x_wconf 86' lang='lat' dir='ltr'><strong>medicinis,</strong></span> <span class='ocrx_word' id='word_1_154' title='bbox 604 2165 633 2223; x_wconf 92' lang='lat' dir='ltr'><strong>et</strong></span> <span class='ocrx_word' id='word_1_155' title='bbox 654 2161 819 2240; x_wconf 87' lang='lat' dir='ltr'><strong>apportasti</strong></span> <span class='ocrx_word' id='word_1_156' title='bbox 841 2161 1013 2240; x_wconf 91' lang='lat' dir='ltr'><strong>pulverem!</strong></span> <span class='ocrx_word' id='word_1_157' title='bbox 1062 2160 1097 2221; x_wconf 82' lang='lat' dir='ltr'><strong>Et</strong></span> <span class='ocrx_word' id='word_1_158' title='bbox 1120 2160 1171 2222; x_wconf 90' lang='lat' dir='ltr'><strong>iila</strong></span> <span class='ocrx_word' id='word_1_159' title='bbox 1192 2159 1331 2237; x_wconf 88' lang='lat' dir='ltr'><strong>audiens,</strong></span> <span class='ocrx_word' id='word_1_160' title='bbox 1355 2159 1479 2239; x_wconf 89' lang='lat' dir='ltr'><strong>reliquit</strong></span> 
     </span>
     <span class='ocr_line' id='line_1_19' title="bbox 410 2247 1477 2329; baseline -0.002 -18"><span class='ocrx_word' id='word_1_161' title='bbox 410 2267 471 2329; x_wconf 90' lang='lat' dir='ltr'><strong>que</strong></span> <span class='ocrx_word' id='word_1_162' title='bbox 494 2249 525 2309; x_wconf 90' lang='lat' dir='ltr'><strong>in</strong></span> <span class='ocrx_word' id='word_1_163' title='bbox 550 2266 643 2310; x_wconf 92' lang='lat' dir='ltr'><strong>manu</strong></span> <span class='ocrx_word' id='word_1_164' title='bbox 666 2249 794 2324; x_wconf 83' lang='lat' dir='ltr'><strong>tenebat,</strong></span> <span class='ocrx_word' id='word_1_165' title='bbox 818 2253 847 2310; x_wconf 90' lang='lat' dir='ltr'><strong>et</strong></span> <span class='ocrx_word' id='word_1_166' title='bbox 869 2249 1021 2329; x_wconf 90' lang='lat' dir='ltr'><strong>accipiens</strong></span> <span class='ocrx_word' id='word_1_167' title='bbox 1036 2248 1196 2311; x_wconf 90' lang='lat' dir='ltr'><strong>cribelium</strong></span> <span class='ocrx_word' id='word_1_168' title='bbox 1212 2248 1305 2310; x_wconf 87' lang='lat' dir='ltr'><strong>exivit</strong></span> <span class='ocrx_word' id='word_1_169' title='bbox 1318 2247 1358 2309; x_wconf 90' lang='lat' dir='ltr'><strong>ad</strong></span> <span class='ocrx_word' id='word_1_170' title='bbox 1374 2248 1477 2310; x_wconf 93' lang='lat' dir='ltr'><strong>virum</strong></span> 
     </span>
     <span class='ocr_line' id='line_1_20' title="bbox 409 2336 1476 2416; baseline -0.001 -17"><span class='ocrx_word' id='word_1_171' title='bbox 409 2354 511 2414; x_wconf 79' lang='lat' dir='ltr'><strong>suum,</strong></span> <span class='ocrx_word' id='word_1_172' title='bbox 535 2341 564 2398; x_wconf 90' lang='lat' dir='ltr'><strong>et</strong></span> <span class='ocrx_word' id='word_1_173' title='bbox 585 2337 626 2398; x_wconf 88' lang='lat' dir='ltr'><strong>ait</strong></span> <span class='ocrx_word' id='word_1_174' title='bbox 648 2338 688 2399; x_wconf 89' lang='lat' dir='ltr'><strong>ei:</strong></span> <span class='ocrx_word' id='word_1_175' title='bbox 713 2337 820 2399; x_wconf 87' lang='lat' dir='ltr'><strong>Nescis</strong></span> <span class='ocrx_word' id='word_1_176' title='bbox 843 2337 929 2416; x_wconf 90' lang='lat' dir='ltr'><strong>quod</strong></span> <span class='ocrx_word' id='word_1_177' title='bbox 945 2337 1060 2400; x_wconf 89' lang='lat' dir='ltr'><strong>accedit</strong></span> <span class='ocrx_word' id='word_1_178' title='bbox 1076 2336 1151 2399; x_wconf 92' lang='lat' dir='ltr'><strong>mihi</strong></span> <span class='ocrx_word' id='word_1_179' title='bbox 1168 2337 1199 2399; x_wconf 91' lang='lat' dir='ltr'><strong>in</strong></span> <span class='ocrx_word' id='word_1_180' title='bbox 1216 2338 1273 2414; x_wconf 87' lang='lat' dir='ltr'><strong>via,</strong></span> <span class='ocrx_word' id='word_1_181' title='bbox 1297 2355 1368 2399; x_wconf 91' lang='lat' dir='ltr'><strong>cum</strong></span> <span class='ocrx_word' id='word_1_182' title='bbox 1390 2337 1476 2413; x_wconf 82' lang='lat' dir='ltr'><strong>irem,</strong></span> 
     </span>
     <span class='ocr_line' id='line_1_21' title="bbox 410 2425 1478 2505; baseline 0 -18"><span class='ocrx_word' id='word_1_183' title='bbox 410 2443 479 2487; x_wconf 92' lang='lat' dir='ltr'><strong>ecce</strong></span> <span class='ocrx_word' id='word_1_184' title='bbox 501 2442 601 2503; x_wconf 90' lang='lat' dir='ltr'><strong>equus</strong></span> <span class='ocrx_word' id='word_1_185' title='bbox 624 2442 750 2487; x_wconf 89' lang='lat' dir='ltr'><strong>currens</strong></span> <span class='ocrx_word' id='word_1_186' title='bbox 774 2425 895 2504; x_wconf 90' lang='lat' dir='ltr'><strong>impulit</strong></span> <span class='ocrx_word' id='word_1_187' title='bbox 917 2444 975 2502; x_wconf 85' lang='lat' dir='ltr'><strong>me,</strong></span> <span class='ocrx_word' id='word_1_188' title='bbox 999 2430 1028 2487; x_wconf 92' lang='lat' dir='ltr'><strong>et</strong></span> <span class='ocrx_word' id='word_1_189' title='bbox 1050 2426 1152 2488; x_wconf 91' lang='lat' dir='ltr'><strong>corrui</strong></span> <span class='ocrx_word' id='word_1_190' title='bbox 1170 2426 1200 2487; x_wconf 94' lang='lat' dir='ltr'><strong>in</strong></span> <span class='ocrx_word' id='word_1_191' title='bbox 1216 2430 1337 2488; x_wconf 90' lang='lat' dir='ltr'><strong>terram.</strong></span> <span class='ocrx_word' id='word_1_192' title='bbox 1373 2427 1478 2505; x_wconf 90' lang='lat' dir='ltr'><strong>ltaque</strong></span> 
     </span>
     <span class='ocr_line' id='line_1_22' title="bbox 354 2512 1478 2594; baseline -0.003 -15"><span class='ocrx_word' id='word_1_193' title='bbox 354 2533 396 2579; x_wconf 76' lang='lat' dir='ltr'><strong>aas</strong></span> <span class='ocrx_word' id='word_1_194' title='bbox 411 2513 518 2575; x_wconf 91' lang='lat' dir='ltr'><strong>cecidit</strong></span> <span class='ocrx_word' id='word_1_195' title='bbox 541 2513 616 2574; x_wconf 93' lang='lat' dir='ltr'><strong>mihi</strong></span> <span class='ocrx_word' id='word_1_196' title='bbox 640 2512 679 2575; x_wconf 88' lang='lat' dir='ltr'><strong>de</strong></span> <span class='ocrx_word' id='word_1_197' title='bbox 695 2531 788 2575; x_wconf 91' lang='lat' dir='ltr'><strong>manu</strong></span> <span class='ocrx_word' id='word_1_198' title='bbox 810 2531 877 2575; x_wconf 91' lang='lat' dir='ltr'><strong>mea</strong></span> <span class='ocrx_word' id='word_1_199' title='bbox 892 2517 1062 2593; x_wconf 80' lang='lat' dir='ltr'><strong>argentum,</strong></span> <span class='ocrx_word' id='word_1_200' title='bbox 1086 2519 1115 2576; x_wconf 93' lang='lat' dir='ltr'><strong>et</strong></span> <span class='ocrx_word' id='word_1_201' title='bbox 1131 2532 1195 2577; x_wconf 90' lang='lat' dir='ltr'><strong>non</strong></span> <span class='ocrx_word' id='word_1_202' title='bbox 1212 2518 1322 2594; x_wconf 88' lang='lat' dir='ltr'><strong>potens</strong></span> <span class='ocrx_word' id='word_1_203' title='bbox 1338 2514 1478 2576; x_wconf 91' lang='lat' dir='ltr'><strong>invenire</strong></span> 
     </span>
     <span class='ocr_line' id='line_1_23' title="bbox 410 2601 1478 2683; baseline 0.003 -21"><span class='ocrx_word' id='word_1_204' title='bbox 410 2601 495 2679; x_wconf 87' lang='lat' dir='ltr'><strong>iliud,</strong></span> <span class='ocrx_word' id='word_1_205' title='bbox 525 2602 708 2681; x_wconf 91' lang='lat' dir='ltr'><strong>congregavi</strong></span> <span class='ocrx_word' id='word_1_206' title='bbox 740 2601 897 2683; x_wconf 89' lang='lat' dir='ltr'><strong>pulverem</strong></span> <span class='ocrx_word' id='word_1_207' title='bbox 922 2602 1054 2665; x_wconf 89' lang='lat' dir='ltr'><strong>deloco</strong></span> <span class='ocrx_word' id='word_1_208' title='bbox 1078 2603 1140 2680; x_wconf 79' lang='lat' dir='ltr'><strong>illo,</strong></span> <span class='ocrx_word' id='word_1_209' title='bbox 1171 2603 1286 2665; x_wconf 85' lang='lat' dir='ltr'><strong>involvi</strong></span> <span class='ocrx_word' id='word_1_210' title='bbox 1311 2603 1343 2664; x_wconf 90' lang='lat' dir='ltr'><strong>in</strong></span> <span class='ocrx_word' id='word_1_211' title='bbox 1367 2620 1478 2665; x_wconf 92' lang='lat' dir='ltr'><strong>manu-</strong></span> 
     </span>
     <span class='ocr_line' id='line_1_24' title="bbox 409 2690 1478 2771; baseline 0.003 -20"><span class='ocrx_word' id='word_1_212' title='bbox 409 2690 515 2769; x_wconf 87' lang='lat' dir='ltr'><strong>tergio,</strong></span> <span class='ocrx_word' id='word_1_213' title='bbox 545 2690 647 2753; x_wconf 89' lang='lat' dir='ltr'><strong>donec</strong></span> <span class='ocrx_word' id='word_1_214' title='bbox 669 2690 831 2752; x_wconf 88' lang='lat' dir='ltr'><strong>educerem</strong></span> <span class='ocrx_word' id='word_1_215' title='bbox 860 2690 936 2752; x_wconf 91' lang='lat' dir='ltr'><strong>illud</strong></span> <span class='ocrx_word' id='word_1_216' title='bbox 960 2709 1016 2771; x_wconf 90' lang='lat' dir='ltr'><strong>per</strong></span> <span class='ocrx_word' id='word_1_217' title='bbox 1038 2691 1209 2769; x_wconf 85' lang='lat' dir='ltr'><strong>cribeitum,</strong></span> <span class='ocrx_word' id='word_1_218' title='bbox 1239 2692 1367 2754; x_wconf 87' lang='lat' dir='ltr'><strong>forsitan</strong></span> <span class='ocrx_word' id='word_1_219' title='bbox 1392 2692 1478 2754; x_wconf 89' lang='lat' dir='ltr'><strong>inve-</strong></span> 
     </span>
     <span class='ocr_line' id='line_1_25' title="bbox 410 2777 1478 2861; baseline 0.002 -22"><span class='ocrx_word' id='word_1_220' title='bbox 410 2778 492 2840; x_wconf 90' lang='lat' dir='ltr'><strong>niam</strong></span> <span class='ocrx_word' id='word_1_221' title='bbox 517 2779 627 2858; x_wconf 89' lang='lat' dir='ltr'><strong>ipsum.</strong></span> <span class='ocrx_word' id='word_1_222' title='bbox 674 2780 710 2841; x_wconf 84' lang='lat' dir='ltr'><strong>Et</strong></span> <span class='ocrx_word' id='word_1_223' title='bbox 736 2777 865 2841; x_wconf 90' lang='lat' dir='ltr'><strong>audiens</strong></span> <span class='ocrx_word' id='word_1_224' title='bbox 888 2779 936 2840; x_wconf 89' lang='lat' dir='ltr'><strong>vir</strong></span> <span class='ocrx_word' id='word_1_225' title='bbox 962 2778 1092 2841; x_wconf 90' lang='lat' dir='ltr'><strong>credidit</strong></span> <span class='ocrx_word' id='word_1_226' title='bbox 1118 2779 1155 2856; x_wconf 87' lang='lat' dir='ltr'><strong>ei,</strong></span> <span class='ocrx_word' id='word_1_227' title='bbox 1186 2784 1216 2842; x_wconf 93' lang='lat' dir='ltr'><strong>et</strong></span> <span class='ocrx_word' id='word_1_228' title='bbox 1242 2780 1331 2842; x_wconf 85' lang='lat' dir='ltr'><strong>dixit:</strong></span> <span class='ocrx_word' id='word_1_229' title='bbox 1363 2780 1478 2861; x_wconf 80' lang='lat' dir='ltr'><strong>Accipe</strong></span> 
     </span>
     <span class='ocr_line' id='line_1_26' title="bbox 410 2866 1104 2947; baseline 0.001 -19"><span class='ocrx_word' id='word_1_230' title='bbox 410 2867 480 2947; x_wconf 89' lang='lat' dir='ltr'><strong>pius</strong></span> <span class='ocrx_word' id='word_1_231' title='bbox 503 2866 543 2929; x_wconf 92' lang='lat' dir='ltr'><strong>de</strong></span> <span class='ocrx_word' id='word_1_232' title='bbox 565 2871 701 2946; x_wconf 88' lang='lat' dir='ltr'><strong>argento,</strong></span> <span class='ocrx_word' id='word_1_233' title='bbox 725 2872 754 2930; x_wconf 89' lang='lat' dir='ltr'><strong>et</strong></span> <span class='ocrx_word' id='word_1_234' title='bbox 777 2867 854 2930; x_wconf 91' lang='lat' dir='ltr'><strong>vade</strong></span> <span class='ocrx_word' id='word_1_235' title='bbox 877 2872 906 2929; x_wconf 94' lang='lat' dir='ltr'><strong>et</strong></span> <span class='ocrx_word' id='word_1_236' title='bbox 928 2886 995 2930; x_wconf 90' lang='lat' dir='ltr'><strong>eme</strong></span> <span class='ocrx_word' id='word_1_237' title='bbox 1019 2868 1104 2929; x_wconf 91' lang='lat' dir='ltr'><strong>mihi.</strong></span> 
     </span>
    </p>
   </div>
   <div class='ocr_carea' id='block_1_5' title="bbox 812 3009 1069 3089">
    <p class='ocr_par' dir='ltr' id='par_1_5' title="bbox 812 3009 1069 3089">
     <span class='ocr_line' id='line_1_27' title="bbox 812 3009 1069 3089; baseline 0 -17"><span class='ocrx_word' id='word_1_238' title='bbox 812 3015 838 3072; x_wconf 75' lang='grc' dir='ltr'><strong>τ.</strong></span> <span class='ocrx_word' id='word_1_239' title='bbox 874 3009 928 3089; x_wconf 75' lang='lat'><strong>1=</strong></span> <span class='ocrx_word' id='word_1_240' title='bbox 952 3009 982 3073; x_wconf 90' lang='lat' dir='ltr'><strong>s.</strong></span> <span class='ocrx_word' id='word_1_241' title='bbox 1009 3010 1069 3089; x_wconf 71' lang='lat' dir='ltr'><strong>sa]</strong></span> 
     </span>
    </p>
   </div>
   <div class='ocr_carea' id='block_1_6' title="bbox 353 3133 1479 3828">
    <p class='ocr_par' dir='ltr' id='par_1_6' title="bbox 353 3133 1479 3828">
     <span class='ocr_line' id='line_1_28' title="bbox 355 3133 1478 3216; baseline 0.001 -19"><span class='ocrx_word' id='word_1_242' title='bbox 355 3152 396 3197; x_wconf 79' lang='lat' dir='ltr'><strong>sao</strong></span> <span class='ocrx_word' id='word_1_243' title='bbox 502 3134 570 3196; x_wconf 83' lang='lat' dir='ltr'><strong>Fuit</strong></span> <span class='ocrx_word' id='word_1_244' title='bbox 595 3133 721 3213; x_wconf 92' lang='lat' dir='ltr'><strong>quidam</strong></span> <span class='ocrx_word' id='word_1_245' title='bbox 753 3152 870 3213; x_wconf 92' lang='lat' dir='ltr'><strong>pauper</strong></span> <span class='ocrx_word' id='word_1_246' title='bbox 899 3138 1049 3195; x_wconf 90' lang='lat' dir='ltr'><strong>mercator</strong></span> <span class='ocrx_word' id='word_1_247' title='bbox 1078 3133 1109 3194; x_wconf 96' lang='lat' dir='ltr'><strong>in</strong></span> <span class='ocrx_word' id='word_1_248' title='bbox 1140 3133 1274 3213; x_wconf 90' lang='lat' dir='ltr'><strong>quadam</strong></span> <span class='ocrx_word' id='word_1_249' title='bbox 1302 3139 1389 3211; x_wconf 83' lang='lat' dir='ltr'><strong>terra,</strong></span> <span class='ocrx_word' id='word_1_250' title='bbox 1422 3136 1478 3216; x_wconf 90' lang='lat' dir='ltr'><strong>qui</strong></span> 
     </span>
     <span class='ocr_line' id='line_1_29' title="bbox 409 3221 1479 3298; baseline 0.004 -15"><span class='ocrx_word' id='word_1_251' title='bbox 409 3222 539 3285; x_wconf 92' lang='lat' dir='ltr'><strong>habebat</strong></span> <span class='ocrx_word' id='word_1_252' title='bbox 562 3222 645 3284; x_wconf 90' lang='lat' dir='ltr'><strong>mille</strong></span> <span class='ocrx_word' id='word_1_253' title='bbox 668 3222 760 3285; x_wconf 93' lang='lat' dir='ltr'><strong>libras</strong></span> <span class='ocrx_word' id='word_1_254' title='bbox 782 3221 863 3298; x_wconf 89' lang='lat' dir='ltr'><strong>terri,</strong></span> <span class='ocrx_word' id='word_1_255' title='bbox 887 3225 923 3298; x_wconf 76' lang='lat' dir='ltr'><strong>et</strong></span> <span class='ocrx_word' id='word_1_256' title='bbox 955 3239 1024 3283; x_wconf 90' lang='lat' dir='ltr'><strong>cum</strong></span> <span class='ocrx_word' id='word_1_257' title='bbox 1052 3221 1142 3283; x_wconf 85' lang='lat' dir='ltr'><strong>vellet</strong></span> <span class='ocrx_word' id='word_1_258' title='bbox 1164 3222 1237 3285; x_wconf 92' lang='lat' dir='ltr'><strong>inde</strong></span> <span class='ocrx_word' id='word_1_259' title='bbox 1265 3222 1424 3287; x_wconf 88' lang='lat' dir='ltr'><strong>discedere</strong></span> <span class='ocrx_word' id='word_1_260' title='bbox 1448 3229 1479 3287; x_wconf 89' lang='lat' dir='ltr'><strong>et</strong></span> 
     </span>
     <span class='ocr_line' id='line_1_30' title="bbox 408 3308 1477 3389; baseline 0.005 -18"><span class='ocrx_word' id='word_1_261' title='bbox 408 3310 452 3371; x_wconf 91' lang='lat' dir='ltr'><strong>ire</strong></span> <span class='ocrx_word' id='word_1_262' title='bbox 467 3310 505 3373; x_wconf 91' lang='lat' dir='ltr'><strong>ad</strong></span> <span class='ocrx_word' id='word_1_263' title='bbox 522 3310 611 3372; x_wconf 90' lang='lat' dir='ltr'><strong>aliam</strong></span> <span class='ocrx_word' id='word_1_264' title='bbox 627 3314 746 3386; x_wconf 89' lang='lat' dir='ltr'><strong>terram,</strong></span> <span class='ocrx_word' id='word_1_265' title='bbox 770 3310 914 3389; x_wconf 89' lang='lat' dir='ltr'><strong>deposuit</strong></span> <span class='ocrx_word' id='word_1_266' title='bbox 936 3309 1050 3371; x_wconf 87' lang='lat' dir='ltr'><strong>ferrum</strong></span> <span class='ocrx_word' id='word_1_267' title='bbox 1074 3308 1157 3389; x_wconf 92' lang='lat' dir='ltr'><strong>apud</strong></span> <span class='ocrx_word' id='word_1_268' title='bbox 1181 3310 1348 3389; x_wconf 90' lang='lat' dir='ltr'><strong>quemdam</strong></span> <span class='ocrx_word' id='word_1_269' title='bbox 1365 3318 1477 3376; x_wconf 91' lang='lat' dir='ltr'><strong>notum</strong></span> 
     </span>
     <span class='ocr_line' id='line_1_31' title="bbox 408 3397 1479 3481; baseline 0.005 -21"><span class='ocrx_word' id='word_1_270' title='bbox 408 3416 509 3474; x_wconf 83' lang='lat' dir='ltr'><strong>suum,</strong></span> <span class='ocrx_word' id='word_1_271' title='bbox 541 3402 574 3460; x_wconf 94' lang='lat' dir='ltr'><strong>ut</strong></span> <span class='ocrx_word' id='word_1_272' title='bbox 596 3398 654 3460; x_wconf 92' lang='lat' dir='ltr'><strong>sibi</strong></span> <span class='ocrx_word' id='word_1_273' title='bbox 683 3403 882 3476; x_wconf 81' lang='lat' dir='ltr'><strong>conservaret,</strong></span> <span class='ocrx_word' id='word_1_274' title='bbox 913 3403 943 3459; x_wconf 93' lang='lat' dir='ltr'><strong>et</strong></span> <span class='ocrx_word' id='word_1_275' title='bbox 968 3398 1049 3460; x_wconf 86' lang='lat' dir='ltr'><strong>abiit</strong></span> <span class='ocrx_word' id='word_1_276' title='bbox 1096 3397 1242 3477; x_wconf 90' lang='lat' dir='ltr'><strong>Cumque</strong></span> <span class='ocrx_word' id='word_1_277' title='bbox 1265 3400 1378 3463; x_wconf 90' lang='lat' dir='ltr'><strong>rediret</strong></span> <span class='ocrx_word' id='word_1_278' title='bbox 1405 3407 1479 3481; x_wconf 87' lang='lat' dir='ltr'><strong>post</strong></span> 
     </span>
     <span class='ocr_line' id='line_1_32' title="bbox 407 3486 1478 3567; baseline 0.007 -21"><span class='ocrx_word' id='word_1_279' title='bbox 407 3490 538 3565; x_wconf 81' lang='lat' dir='ltr'><strong>tempus,</strong></span> <span class='ocrx_word' id='word_1_280' title='bbox 562 3486 646 3565; x_wconf 90' lang='lat' dir='ltr'><strong>petiit</strong></span> <span class='ocrx_word' id='word_1_281' title='bbox 668 3486 783 3547; x_wconf 88' lang='lat' dir='ltr'><strong>iermm</strong></span> <span class='ocrx_word' id='word_1_282' title='bbox 807 3487 846 3548; x_wconf 91' lang='lat' dir='ltr'><strong>ab</strong></span> <span class='ocrx_word' id='word_1_283' title='bbox 868 3486 969 3549; x_wconf 89' lang='lat' dir='ltr'><strong>amico</strong></span> <span class='ocrx_word' id='word_1_284' title='bbox 992 3503 1059 3548; x_wconf 91' lang='lat' dir='ltr'><strong>suo.</strong></span> <span class='ocrx_word' id='word_1_285' title='bbox 1098 3486 1157 3548; x_wconf 86' lang='lat' dir='ltr'><strong>Cui</strong></span> <span class='ocrx_word' id='word_1_286' title='bbox 1182 3488 1354 3567; x_wconf 89' lang='lat' dir='ltr'><strong>respondit:</strong></span> <span class='ocrx_word' id='word_1_287' title='bbox 1379 3489 1478 3553; x_wconf 91' lang='lat' dir='ltr'><strong>Posui</strong></span> 
     </span>
     <span class='ocr_line' id='line_1_33' title="bbox 353 3572 1478 3653; baseline 0.003 -16"><span class='ocrx_word' id='word_1_288' title='bbox 353 3590 395 3637; x_wconf 76' lang='lat' dir='ltr'><strong>aaa</strong></span> <span class='ocrx_word' id='word_1_289' title='bbox 408 3572 524 3635; x_wconf 88' lang='lat' dir='ltr'><strong>fermm</strong></span> <span class='ocrx_word' id='word_1_290' title='bbox 548 3578 635 3634; x_wconf 92' lang='lat' dir='ltr'><strong>tuum</strong></span> <span class='ocrx_word' id='word_1_291' title='bbox 659 3574 690 3634; x_wconf 92' lang='lat' dir='ltr'><strong>in</strong></span> <span class='ocrx_word' id='word_1_292' title='bbox 715 3590 779 3636; x_wconf 91' lang='lat' dir='ltr'><strong>uno</strong></span> <span class='ocrx_word' id='word_1_293' title='bbox 801 3574 986 3653; x_wconf 93' lang='lat' dir='ltr'><strong>angulorum</strong></span> <span class='ocrx_word' id='word_1_294' title='bbox 1003 3574 1117 3636; x_wconf 92' lang='lat' dir='ltr'><strong>domus</strong></span> <span class='ocrx_word' id='word_1_295' title='bbox 1136 3579 1165 3636; x_wconf 91' lang='lat' dir='ltr'><strong>et</strong></span> <span class='ocrx_word' id='word_1_296' title='bbox 1179 3576 1383 3639; x_wconf 88' lang='lat' dir='ltr'><strong>comederunt</strong></span> <span class='ocrx_word' id='word_1_297' title='bbox 1398 3578 1478 3641; x_wconf 90' lang='lat' dir='ltr'><strong>iilud</strong></span> 
     </span>
     <span class='ocr_line' id='line_1_34' title="bbox 408 3660 1477 3743; baseline 0.008 -20"><span class='ocrx_word' id='word_1_298' title='bbox 408 3679 519 3724; x_wconf 93' lang='lat' dir='ltr'><strong>mures.</strong></span> <span class='ocrx_word' id='word_1_299' title='bbox 567 3662 633 3741; x_wconf 91' lang='lat' dir='ltr'><strong>lpse</strong></span> <span class='ocrx_word' id='word_1_300' title='bbox 663 3678 737 3722; x_wconf 93' lang='lat' dir='ltr'><strong>vero</strong></span> <span class='ocrx_word' id='word_1_301' title='bbox 767 3660 945 3724; x_wconf 90' lang='lat' dir='ltr'><strong>vendiderat</strong></span> <span class='ocrx_word' id='word_1_302' title='bbox 975 3666 1004 3724; x_wconf 93' lang='lat' dir='ltr'><strong>et</strong></span> <span class='ocrx_word' id='word_1_303' title='bbox 1030 3662 1204 3725; x_wconf 91' lang='lat' dir='ltr'><strong>comederat</strong></span> <span class='ocrx_word' id='word_1_304' title='bbox 1233 3665 1371 3743; x_wconf 90' lang='lat' dir='ltr'><strong>precium</strong></span> <span class='ocrx_word' id='word_1_305' title='bbox 1400 3667 1477 3733; x_wconf 90' lang='lat' dir='ltr'><strong>eius.</strong></span> 
     </span>
     <span class='ocr_line' id='line_1_35' title="bbox 410 3750 1476 3828; baseline 0.006 -16"><span class='ocrx_word' id='word_1_306' title='bbox 410 3750 446 3812; x_wconf 84' lang='lat' dir='ltr'><strong>Et</strong></span> <span class='ocrx_word' id='word_1_307' title='bbox 468 3750 509 3811; x_wconf 92' lang='lat' dir='ltr'><strong>ait</strong></span> <span class='ocrx_word' id='word_1_308' title='bbox 532 3753 692 3811; x_wconf 91' lang='lat' dir='ltr'><strong>mercator:</strong></span> <span class='ocrx_word' id='word_1_309' title='bbox 705 3750 884 3828; x_wconf 84' lang='lat' dir='ltr'><strong>Nunquam</strong></span> <span class='ocrx_word' id='word_1_310' title='bbox 901 3750 1076 3811; x_wconf 92' lang='lat' dir='ltr'><strong>audivimus</strong></span> <span class='ocrx_word' id='word_1_311' title='bbox 1092 3768 1158 3812; x_wconf 90' lang='lat' dir='ltr'><strong>esse</strong></span> <span class='ocrx_word' id='word_1_312' title='bbox 1174 3751 1205 3812; x_wconf 90' lang='lat' dir='ltr'><strong>in</strong></span> <span class='ocrx_word' id='word_1_313' title='bbox 1224 3753 1344 3816; x_wconf 91' lang='lat' dir='ltr'><strong>mundo</strong></span> <span class='ocrx_word' id='word_1_314' title='bbox 1360 3755 1476 3818; x_wconf 91' lang='lat' dir='ltr'><strong>animai</strong></span> 
     </span>
    </p>
   </div>
   <div class='ocr_carea' id='block_1_7' title="bbox 353 3836 1477 4273">
    <p class='ocr_par' dir='ltr' id='par_1_7' title="bbox 353 3836 1477 4273">
     <span class='ocr_line' id='line_1_36' title="bbox 408 3836 1476 3923; baseline 0.006 -23"><span class='ocrx_word' id='word_1_315' title='bbox 408 3838 494 3919; x_wconf 92' lang='lat' dir='ltr'><strong>quod</strong></span> <span class='ocrx_word' id='word_1_316' title='bbox 517 3838 669 3916; x_wconf 85' lang='lat' dir='ltr'><strong>frangeret</strong></span> <span class='ocrx_word' id='word_1_317' title='bbox 691 3836 814 3914; x_wconf 84' lang='lat' dir='ltr'><strong>ferrum,</strong></span> <span class='ocrx_word' id='word_1_318' title='bbox 845 3842 874 3899; x_wconf 92' lang='lat' dir='ltr'><strong>et</strong></span> <span class='ocrx_word' id='word_1_319' title='bbox 897 3837 994 3900; x_wconf 93' lang='lat' dir='ltr'><strong>modo</strong></span> <span class='ocrx_word' id='word_1_320' title='bbox 1023 3836 1224 3900; x_wconf 90' lang='lat' dir='ltr'><strong>comederunt</strong></span> <span class='ocrx_word' id='word_1_321' title='bbox 1251 3858 1355 3904; x_wconf 91' lang='lat' dir='ltr'><strong>mures</strong></span> <span class='ocrx_word' id='word_1_322' title='bbox 1383 3843 1476 3923; x_wconf 84' lang='lat' dir='ltr'><strong>itlud;</strong></span> 
     </span>
     <span class='ocr_line' id='line_1_37' title="bbox 408 3925 1477 4004; baseline 0.005 -13"><span class='ocrx_word' id='word_1_323' title='bbox 408 3946 492 3991; x_wconf 91' lang='lat' dir='ltr'><strong>nunc</strong></span> <span class='ocrx_word' id='word_1_324' title='bbox 514 3930 615 3989; x_wconf 91' lang='lat' dir='ltr'><strong>autem</strong></span> <span class='ocrx_word' id='word_1_325' title='bbox 640 3925 715 3987; x_wconf 92' lang='lat' dir='ltr'><strong>nihil</strong></span> <span class='ocrx_word' id='word_1_326' title='bbox 739 3930 848 4004; x_wconf 92' lang='lat' dir='ltr'><strong>reputo</strong></span> <span class='ocrx_word' id='word_1_327' title='bbox 872 3925 948 3987; x_wconf 90' lang='lat' dir='ltr'><strong>iliud</strong></span> <span class='ocrx_word' id='word_1_328' title='bbox 972 3945 1009 3987; x_wconf 92' lang='lat' dir='ltr'><strong>ex</strong></span> <span class='ocrx_word' id='word_1_329' title='bbox 1032 3943 1096 4003; x_wconf 93' lang='lat' dir='ltr'><strong>quo</strong></span> <span class='ocrx_word' id='word_1_330' title='bbox 1120 3925 1197 3989; x_wconf 88' lang='lat' dir='ltr'><strong>deus</strong></span> <span class='ocrx_word' id='word_1_331' title='bbox 1220 3927 1360 3992; x_wconf 90' lang='lat' dir='ltr'><strong>liberavit</strong></span> <span class='ocrx_word' id='word_1_332' title='bbox 1382 3936 1412 3994; x_wconf 90' lang='lat' dir='ltr'><strong>te</strong></span> <span class='ocrx_word' id='word_1_333' title='bbox 1435 3934 1477 3997; x_wconf 89' lang='lat' dir='ltr'><strong>ab</strong></span> 
     </span>
     <span class='ocr_line' id='line_1_38' title="bbox 353 4012 1476 4095; baseline 0.004 -14"><span class='ocrx_word' id='word_1_334' title='bbox 353 4036 394 4082; x_wconf 83' lang='lat' dir='ltr'><strong>aao</strong></span> <span class='ocrx_word' id='word_1_335' title='bbox 409 4016 452 4080; x_wconf 91' lang='lat' dir='ltr'><strong>eis</strong></span> <span class='ocrx_word' id='word_1_336' title='bbox 474 4020 504 4080; x_wconf 90' lang='lat' dir='ltr'><strong>et</strong></span> <span class='ocrx_word' id='word_1_337' title='bbox 530 4032 593 4078; x_wconf 89' lang='lat' dir='ltr'><strong>non</strong></span> <span class='ocrx_word' id='word_1_338' title='bbox 617 4012 814 4078; x_wconf 84' lang='lat' dir='ltr'><strong>offendemnt</strong></span> <span class='ocrx_word' id='word_1_339' title='bbox 835 4016 872 4074; x_wconf 89' lang='lat' dir='ltr'><strong>te.</strong></span> <span class='ocrx_word' id='word_1_340' title='bbox 918 4014 957 4074; x_wconf 78' lang='lat' dir='ltr'><strong>At</strong></span> <span class='ocrx_word' id='word_1_341' title='bbox 985 4013 1036 4074; x_wconf 87' lang='lat' dir='ltr'><strong>iiie</strong></span> <span class='ocrx_word' id='word_1_342' title='bbox 1063 4014 1186 4091; x_wconf 87' lang='lat' dir='ltr'><strong>gavisus</strong></span> <span class='ocrx_word' id='word_1_343' title='bbox 1211 4014 1277 4095; x_wconf 83' lang='lat' dir='ltr'><strong>[est]</strong></span> <span class='ocrx_word' id='word_1_344' title='bbox 1307 4018 1347 4081; x_wconf 93' lang='lat' dir='ltr'><strong>de</strong></span> <span class='ocrx_word' id='word_1_345' title='bbox 1375 4022 1476 4085; x_wconf 90' lang='lat' dir='ltr'><strong>verbo</strong></span> 
     </span>
     <span class='ocr_line' id='line_1_39' title="bbox 408 4100 1476 4188; baseline 0.005 -20"><span class='ocrx_word' id='word_1_346' title='bbox 408 4105 494 4188; x_wconf 92' lang='lat' dir='ltr'><strong>quod</strong></span> <span class='ocrx_word' id='word_1_347' title='bbox 517 4103 633 4168; x_wconf 92' lang='lat' dir='ltr'><strong>audivit</strong></span> <span class='ocrx_word' id='word_1_348' title='bbox 659 4103 768 4177; x_wconf 88' lang='lat' dir='ltr'><strong>abeo,</strong></span> <span class='ocrx_word' id='word_1_349' title='bbox 800 4100 979 4179; x_wconf 88' lang='lat' dir='ltr'><strong>rogavitque</strong></span> <span class='ocrx_word' id='word_1_350' title='bbox 1003 4100 1088 4161; x_wconf 93' lang='lat' dir='ltr'><strong>illum</strong></span> <span class='ocrx_word' id='word_1_351' title='bbox 1113 4106 1146 4161; x_wconf 94' lang='lat' dir='ltr'><strong>ut</strong></span> <span class='ocrx_word' id='word_1_352' title='bbox 1169 4105 1345 4168; x_wconf 88' lang='lat' dir='ltr'><strong>comederet</strong></span> <span class='ocrx_word' id='word_1_353' title='bbox 1366 4126 1476 4173; x_wconf 90' lang='lat' dir='ltr'><strong>secum</strong></span> 
     </span>
     <span class='ocr_line' id='line_1_40' title="bbox 408 4188 1476 4273; baseline 0.003 -15"><span class='ocrx_word' id='word_1_354' title='bbox 408 4196 459 4259; x_wconf 95' lang='lat' dir='ltr'><strong>illa</strong></span> <span class='ocrx_word' id='word_1_355' title='bbox 480 4194 539 4273; x_wconf 88' lang='lat' dir='ltr'><strong>die,</strong></span> <span class='ocrx_word' id='word_1_356' title='bbox 563 4197 592 4255; x_wconf 93' lang='lat' dir='ltr'><strong>et</strong></span> <span class='ocrx_word' id='word_1_357' title='bbox 614 4191 714 4255; x_wconf 90' lang='lat' dir='ltr'><strong>statuit</strong></span> <span class='ocrx_word' id='word_1_358' title='bbox 736 4189 795 4253; x_wconf 90' lang='lat' dir='ltr'><strong>sibi</strong></span> <span class='ocrx_word' id='word_1_359' title='bbox 818 4188 982 4249; x_wconf 90' lang='lat' dir='ltr'><strong>terminum</strong></span> <span class='ocrx_word' id='word_1_360' title='bbox 1007 4188 1182 4250; x_wconf 88' lang='lat' dir='ltr'><strong>reveniendi</strong></span> <span class='ocrx_word' id='word_1_361' title='bbox 1198 4190 1237 4251; x_wconf 90' lang='lat' dir='ltr'><strong>ad</strong></span> <span class='ocrx_word' id='word_1_362' title='bbox 1261 4210 1344 4258; x_wconf 84' lang='lat' dir='ltr'><strong>eum.</strong></span> <span class='ocrx_word' id='word_1_363' title='bbox 1386 4197 1476 4261; x_wconf 88' lang='lat' dir='ltr'><strong>Post-</strong></span> 
     </span>
    </p>
   </div>
   <div class='ocr_carea' id='block_1_8' title="bbox 0 0 1796 4884">
    <p class='ocr_par' dir='ltr' id='par_1_8' title="bbox 0 0 1796 4884">
     <span class='ocr_line' id='line_1_41' title="bbox 0 0 1796 4884; baseline 0 1"><span class='ocrx_word' id='word_1_364' title='bbox 0 0 1796 4884; x_wconf 95' lang='lat' dir='ltr'><strong> </strong></span> 
     </span>
    </p>
   </div>
  </div>
 </body>
</html>
