3584 4884
856 472 1103 530 —196-

446 644 477 706 hi
501 642 556 723 qui
580 643 660 707 male
686 643 830 707 vivebant
859 643 895 705 in
920 644 1053 724 presenti
1082 644 1163 707 bene
1189 644 1344 709 habebant
1368 663 1451 726 sepe,
1483 653 1516 710 et

445 737 569 795 econtra
598 732 775 811 frequenter
808 732 889 795 bene
917 732 1055 795 viventes
1083 734 1196 797 multas
1222 733 1377 797 habebant
1403 734 1515 798 adver-

445 822 553 899 sitates,
577 826 607 883 et
627 820 796 900 aliquando
820 821 863 883 illi
887 822 943 900 qui
965 822 1082 885 bonam
1104 822 1199 885 vitain
1218 821 1369 885 duxerant
1390 824 1423 886 in
1445 825 1514 887 tine

445 910 628 974 videbantur
661 910 775 973 habere
809 910 905 973 tinem
935 910 1097 989 abjectum,
1131 916 1162 973 et
1194 912 1266 973 mali
1296 912 1447 992 pulcrum,
1482 919 1515 976 et

391 1018 431 1063 ran
446 998 522 1062 boni
544 998 744 1062 admittebant
771 998 947 1079 frequenter
972 999 1161 1079 temporatia,
1190 1000 1280 1063 malis
1307 1002 1387 1064 bene
1408 1019 1513 1065 succe·

445 1088 538 1151 debat
568 1088 600 1149 in
630 1088 707 1164 istis;
742 1106 813 1150 cum
843 1088 906 1151 hoc
933 1088 966 1150 in
1000 1089 1146 1152 oracione
1172 1090 1354 1166 revolveret,
1392 1091 1514 1170 rogavit

446 1176 619 1241 Dominum
643 1180 677 1239 ut
699 1176 727 1240 ei
750 1176 926 1241 ostenderet
947 1195 1004 1239 cur
1017 1178 1079 1240 hoc
1092 1178 1212 1241 laceret.
1250 1178 1513 1259 Adfuitangetos,

443 1266 550 1329 dicens
571 1266 600 1329 ei
623 1265 710 1345 quod
734 1266 846 1329 missus
868 1270 933 1328 erat
954 1271 989 1328 nt
1009 1266 1039 1328 ei
1061 1266 1319 1348 ostenderetque
1340 1268 1473 1347 pecierat
1492 1288 1513 1332 a

446 1354 594 1431 Domino,
624 1359 655 1417 et
676 1354 763 1434 quod
790 1359 971 1434 sequeremr
995 1372 1030 1417 se
1057 1354 1089 1417 in
1115 1355 1217 1419 torma
1243 1355 1392 1419 heremite
1417 1375 1513 1438 appa-

389 1460 431 1507 nm
446 1448 571 1507 rentem.
609 1443 707 1519 Quod
730 1461 801 1507 eum
824 1443 943 1520 faceret,
965 1449 1117 1507 venerunt
1138 1444 1179 1507 ad
1199 1444 1330 1507 domum
1349 1445 1513 1525 cujusdam

443 1532 598 1610 heremite,
633 1530 722 1611 cujus
750 1531 866 1595 domus
894 1550 989 1613 supra
1016 1550 1126 1596 saxum
1156 1533 1338 1597 altissimum
1365 1538 1429 1597 erat
1454 1534 1514 1597 sita

443 1638 537 1701 snpra
567 1640 659 1697 mare,
693 1620 747 1701 qui
779 1620 947 1701 predicanti
981 1622 1094 1701 angelo
1123 1622 1164 1684 de
1193 1622 1452 1703 temptacionibus
1482 1628 1514 1685 et

444 1716 549 1773 contra
571 1710 885 1791 imperseverantiam,
907 1710 1069 1773 oontessus
1091 1715 1137 1773 ast
1157 1729 1229 1773 cum
1252 1711 1357 1774 multis
1379 1712 1514 1775 lacrimis

444 1798 539 1879 quod,
570 1818 641 1863 eum
669 1799 776 1863 luisset
802 1798 845 1861 ibi
868 1799 901 1861 in
927 1818 1042 1879 magna
1066 1800 1233 1863 afflictione
1262 1800 1433 1881 penitencie
1455 1820 1515 1881 per

389 1905 431 1953 aun
445 1887 648 1968 quadraginta
668 1906 777 1965 annos,
799 1886 839 1950 ad
862 1888 1006 1950 ultimum
1021 1888 1062 1950 ita
1076 1893 1141 1951 erat
1153 1889 1252 1951 victus
1273 1906 1292 1951 a
1314 1889 1513 1969 cogitacioni-

444 1978 504 2041 bus
525 1978 598 2055 suis,
622 1976 709 2057 quod
731 1976 855 2041 volebat
876 1977 983 2040 omnia
1004 1977 1156 2040 dimittere
1171 1978 1256 2041 bona
1270 1982 1300 2040 et
1315 1978 1355 2041 ad
1371 1979 1512 2041 seculum

444 2064 555 2142 redire;
587 2083 680 2146 quem
703 2084 775 2129 cum
798 2064 915 2128 videret
937 2084 1009 2128 vere
1035 2066 1221 2146 penitentem
1243 2066 1382 2147 angelus,
1412 2068 1512 2147 preci-

444 2154 549 2235 pitavit
575 2172 647 2217 eum
674 2154 778 2218 subito
809 2154 841 2217 in
864 2154 950 2231 mari,
982 2159 1013 2217 et
1035 2158 1178 2218 mortuus
1199 2159 1253 2219 est.
1300 2154 1383 2218 Cum
1405 2160 1511 2219 autem

443 2242 481 2307 ad
506 2244 567 2307 hoc
588 2243 700 2307 tactum
723 2248 885 2307 terreretur
908 2243 1061 2321 heremita,
1091 2243 1195 2307 socius
1217 2261 1301 2321 suus,
1331 2249 1362 2307 et
1382 2244 1512 2325 fugeret,

388 2332 564 2397 invocavit
586 2350 657 2395 eum
681 2332 799 2395 dicens:
825 2332 919 2397 „Noli
942 2332 1061 2409 timere;
1085 2332 1218 2395 ostendit
1232 2333 1287 2396 tibi
1305 2334 1391 2396 Deus
1410 2351 1511 2396 unum

444 2420 484 2483 de
505 2420 629 2500 judiciis
651 2421 744 2483 suis.“

532 2508 766 2589 Consequenter
789 2513 940 2573 venerunt
966 2508 1007 2572 ad
1039 2510 1170 2573 domum
1200 2510 1324 2573 alterius
1353 2511 1511 2588 heremite,

442 2598 506 2679 qui,
529 2616 600 2662 cum
624 2598 786 2677 recepisset
807 2615 862 2661 eos
884 2616 956 2661 cum
979 2616 1094 2678 magno
1117 2598 1243 2678 gaudio,
1265 2599 1440 2680 propinavit
1462 2600 1511 2663 eis

443 2692 550 2767 potum
574 2704 645 2750 cum
669 2686 762 2767 cipho
789 2692 934 2767 argenteo
965 2705 1058 2767 quem
1088 2688 1227 2765 habebat,
1263 2706 1357 2767 quem
1392 2689 1513 2752 occulte

388 2792 430 2840 ain
444 2774 596 2857 accipiens
618 2775 754 2857 angelus,
778 2774 810 2838 in
832 2776 903 2839 sinu
926 2794 985 2839 suo
1008 2776 1172 2854 occultans,
1199 2794 1304 2839 secum
1327 2776 1510 2857 deportavit.

444 2864 608 2929 Venientes
641 2869 742 2929 autem
778 2864 810 2927 in
844 2869 934 2928 nocte
968 2865 1000 2927 in
1035 2865 1132 2928 domo
1165 2864 1327 2944 cujusdam
1362 2865 1513 2946 predonis

444 2953 556 3032 militis,
586 2954 637 3018 vix
669 2957 741 3017 sunt
771 2954 802 3015 in
833 2972 869 3017 ea
899 2954 1019 3035 recepti,
1053 2958 1083 3017 et
1115 2952 1203 3016 valde
1234 2954 1313 3017 male
1338 2955 1460 3017 tractati·
1480 2960 1514 3018 et

443 3042 590 3107 conviciis
623 3042 731 3106 affecti.
785 3042 901 3106 Tamen
931 3042 1035 3122 aliqua
1068 3060 1165 3123 pauca
1198 3046 1271 3106 sunt
1298 3042 1344 3106 eis
1373 3043 1449 3119 data,
1481 3046 1514 3107 et

443 3132 509 3196 lecti
534 3132 636 3212 parati,
667 3132 736 3195 licet
757 3130 864 3194 viliter.
910 3132 945 3194 ln
968 3148 1059 3194 mane
1082 3131 1182 3195 noluit
1209 3131 1338 3211 angelus
1368 3132 1513 3195 recedere

388 3239 429 3286 sao
445 3220 503 3285 nisi
527 3220 613 3302 prius
637 3220 814 3299 loqueretur
836 3238 907 3283 cum
932 3220 1061 3301 hospite,
1084 3224 1114 3283 et
1135 3220 1297 3284 extrahens
1319 3220 1445 3301 ciphum
1469 3221 1512 3285 de

442 3310 522 3387 sinu,
545 3308 631 3373 dedit
652 3309 695 3387 ei,
722 3308 809 3389 quod
832 3307 942 3371 videns
970 3309 1117 3372 heremita
1140 3308 1267 3373 miratus
1289 3314 1342 3388 est,
1373 3313 1404 3373 et
1425 3328 1511 3373 mur-

443 3416 569 3463 murans
599 3398 630 3461 in
661 3396 755 3461 corde
784 3416 843 3461 suo
875 3397 915 3460 de
949 3398 1010 3461 hoc
1041 3396 1127 3477 quod
1160 3398 1284 3462 viderat
1330 3398 1398 3461 ntia
1420 3403 1511 3461 noete

442 3491 593 3551 venerunt
620 3487 660 3549 ad
691 3486 821 3550 domum
852 3485 976 3550 alterius
1006 3486 1117 3565 militis,
1147 3487 1202 3566 qui
1229 3487 1302 3551 satis
1323 3488 1375 3550 vix
1396 3488 1512 3567 recepit

443 3593 506 3655 eos,
529 3578 630 3639 tamen
651 3574 845 3639 mediocriter
866 3575 1002 3639 tractavit
1023 3593 1087 3639 eos.
1133 3576 1166 3637 ln
1190 3594 1281 3639 mane
1303 3594 1374 3639 cum
1397 3575 1512 3639 vellent

388 3681 429 3730 aro
445 3662 593 3741 recedere,
618 3666 742 3743 rogatus
764 3664 804 3727 ab
819 3664 939 3743 angelo,
963 3663 1039 3727 dixit
1053 3662 1175 3727 cuidam
1191 3664 1259 3727 tilio
1274 3682 1333 3728 suo
1348 3664 1510 3745 unigenito

442 3752 529 3833 quod
553 3770 608 3815 eos
630 3752 816 3816 conduceret
838 3756 868 3815 et
889 3752 971 3815 viam
995 3757 1185 3816 monstraret
1215 3752 1313 3827 Quod
1337 3771 1408 3817 cum
1432 3770 1511 3834 puer

442 3841 560 3918 faceret,
583 3840 686 3905 subito
702 3858 773 3904 eum
789 3840 918 3921 angelus
933 3841 1062 3922 arripuit
1076 3846 1105 3904 et
1120 3841 1238 3920 occidit,
1261 3847 1291 3905 et
1312 3842 1343 3905 in
1359 3842 1509 3906 fossatum

442 3928 576 4011 projecit.
615 3928 712 4005 Quod
736 3947 805 3993 cum
822 3928 948 3993 vidisset
963 3930 1117 4008 heremita,
1139 3930 1278 4011 fugiebat
1298 3949 1380 4008 eum,
1402 3931 1511 3995 dicens

443 4038 515 4083 eum
532 4037 596 4085 non
613 4036 680 4083 esse
694 4019 847 4099 angelum,
860 4019 915 4083 sed
931 4018 1111 4101 dyabolum.
1145 4021 1269 4098 „Ecoeft
1283 4019 1358 4083 dicit
1371 4020 1509 4099 angelus,

388 4124 429 4171 ano
445 4112 566 4173 ostensa
588 4110 661 4171 sunt
682 4108 736 4171 tibi
761 4108 970 4172 occultaDei
989 4108 1104 4190 judicia
1126 4126 1262 4188 quorum
1285 4126 1408 4171 causam
1431 4108 1510 4172 scire

442 4196 581 4261 volebas:
601 4197 728 4260 salutem
745 4196 827 4260 illius
843 4196 956 4277 prioris
971 4196 1126 4274 heremite,
1141 4214 1235 4277 quem
1252 4197 1509 4278 precipitavimus,
