3584 4884
704 449 948 508 -177-

290 644 386 707 super
409 627 528 705 portam
552 623 676 687 dictam:
700 628 729 685 et
751 623 879 686 veniens
901 621 1074 702 episcopus,
1098 624 1132 684 ut
1153 626 1359 699 consueverat,

237 732 265 777 vo
291 718 323 777 et
343 713 484 794 aperiens
507 717 634 792 portam,
659 712 759 793 lapide
777 711 912 789 cadente,
936 710 1148 774 excerebratur
1171 715 1200 773 et
1222 709 1360 773 moritur.

291 802 545 883 Archidyaconus
581 818 653 864 curn
697 801 795 864 multo
837 800 943 863 labore
981 799 1099 880 optinet
1135 800 1359 880 episcopatum

292 909 428 971 cumque
450 890 650 954 confirmatus
672 889 812 969 gaudens
833 890 985 953 obtineret
999 892 1029 951 et
1052 888 1161 951 laceret
1183 888 1359 953 convivium

292 979 482 1060 recepeionis
504 997 568 1056 sue,
596 978 723 1058 quidam
747 978 890 1059 princeps
912 977 1050 1041 serviens
1073 977 1104 1040 in
1128 994 1234 1041 mensa
1255 994 1359 1041 corani

292 1086 341 1147 eo,
363 1068 451 1132 flexis
473 1067 614 1147 genibus,
637 1068 740 1131 subito
755 1067 871 1148 rapitur
887 1071 958 1131 ante
972 1066 1105 1129 tribunal
1121 1066 1235 1129 summi
1249 1064 1361 1145 judicis

238 1176 266 1221 rs
293 1162 324 1220 et
345 1156 428 1219 videt
450 1156 493 1221 ibi
508 1156 627 1219 beatam
642 1155 802 1235 Virginem
819 1156 956 1231 Mariam,
981 1172 1051 1219 cunr
1075 1154 1237 1218 innumera
1260 1155 1361 1219 multi-

292 1246 401 1309 tudine
423 1249 598 1309 sanctorum
622 1248 652 1307 et
678 1244 869 1323 angelorum,
901 1244 1104 1309 adducentem
1135 1244 1251 1307 dietunr
1281 1246 1360 1326 epis-

145 1264 148 1480 ,
293 1352 407 1416 copum
432 1337 604 1415 portantem
618 1332 778 1397 cerebrum
794 1350 885 1395 suurn
911 1333 942 1395 in
966 1334 1110 1397 manibus
1132 1333 1212 1411 suis;
1235 1337 1264 1397 et
1286 1334 1362 1397 dixit

293 1425 381 1487 beata
403 1423 514 1501 Virgo:
541 1421 627 1500 ofili,
649 1422 752 1485 adhuc
775 1422 886 1485 recenti
909 1422 1061 1501 sanguine
1083 1427 1112 1485 et
1133 1422 1314 1487 vulneribus
1332 1428 1362 1487 et

293 1512 420 1575 cerebro
455 1511 548 1590 huius
581 1510 643 1573 mei
678 1510 790 1589 militis,
824 1510 914 1591 cujus
948 1512 1004 1575 hec
1037 1515 1109 1575 sunt
1141 1512 1277 1589 vulnera,
1311 1512 1362 1575 hic

238 1620 266 1667 so
292 1601 427 1681 sanguis,
451 1600 511 1663 hoc
533 1600 701 1678 cerebrum,
724 1599 857 1663 crudelis
872 1604 902 1663 et
917 1600 1057 1681 proditor
1073 1599 1226 1663 homicida
1248 1601 1362 1680 gaudet

293 1708 327 1753 se
370 1689 509 1770 optinere
551 1688 757 1769 pontificalem
801 1688 868 1767 ejus
913 1689 1119 1769 dignitatemr
1191 1688 1362 1769 Respondit

295 1778 464 1841 Dominus:
491 1776 615 1851 „Quem
639 1778 764 1854 mittam,
788 1781 818 1839 et
839 1777 911 1857 quis
933 1776 990 1841 ibit
1004 1778 1135 1841 vobisit
1172 1778 1260 1840 Tunc
1275 1778 1361 1841 beata

293 1868 390 1947 Virgo
412 1866 465 1929 ait:
491 1866 588 1934 „Ecce
603 1865 654 1929 hic
668 1866 797 1929 servitor
818 1880 922 1929 suust
964 1865 1025 1929 Cui
1049 1866 1205 1930 Dominus
1229 1868 1363 1948 precepit
1411 1894 1413 1903 r

292 1957 353 2020 sub
375 1974 456 2036 pena
479 1954 587 2019 mortis
615 1959 648 2017 ut
674 1955 743 2019 citet
772 1954 937 2018 dominum
965 1973 1056 2019 suum
1085 1956 1298 2037 peremptorie,
1328 1961 1363 2019 ut

238 2061 266 2108 sn
292 2045 353 2109 cito
376 2044 477 2107 veniat
498 2061 601 2108 coram
625 2061 663 2108 eo
678 2043 719 2106 de
733 2048 794 2107 tarn
811 2043 978 2124 nephando
998 2044 1125 2107 crimine
1148 2062 1361 2125 responsurus,

292 2141 323 2197 et
344 2133 373 2197 ei
395 2151 518 2196 causam
534 2150 638 2196 eoram
654 2132 803 2195 omnibus
824 2132 983 2213 exprimat.
1021 2132 1085 2207 Qui
1108 2133 1207 2196 statim
1232 2133 1361 2212 rediens,

291 2222 431 2289 turbatus
454 2221 612 2285 intremuit
633 2221 827 2302 tremuitque,
851 2226 881 2284 et
903 2221 1047 2285 cutellum
1070 2240 1165 2300 quern
1188 2222 1309 2285 tenebat
1320 2224 1361 2286 ad

292 2311 489 2375 serviendum
506 2310 643 2391 proiecit,
665 2310 855 2373 amarissime
869 2310 957 2373 flens.
993 2309 1129 2390 Rogatus
1151 2310 1191 2373 ab
1214 2311 1362 2375 omnibus

292 2405 322 2463 et
357 2400 452 2463 eciam
483 2400 523 2463 ab
556 2399 625 2480 ipso
658 2399 815 2479 episeopo,
850 2416 972 2463 causam
1003 2398 1122 2479 pandit,
1161 2418 1222 2479 qua
1251 2400 1361 2479 audita,

238 2488 467 2569 eoepiscopus,
504 2488 606 2551 subita
644 2492 743 2551 morte
780 2505 952 2568 percussus
991 2488 1034 2552 ibi
1072 2506 1176 2553 eoram
1215 2490 1362 2555 omnibus

292 2582 433 2641 mortuus
455 2581 508 2640 est.

697 2725 725 2782 s.
766 2719 820 2800 [ε
844 2718 874 2783 s.
903 2634 963 2801 rr}

382 2843 463 2906 Nota
494 2843 580 2923 quod
616 2843 647 2906 in
677 2844 795 2907 civitate
825 2844 986 2925 cujusdam
1021 2844 1102 2925 regis
1136 2862 1248 2923 magne
1278 2848 1363 2907 erant

293 2932 441 3010 nundine,
471 2936 505 2995 ut
527 2932 649 2996 dicitur:
677 2933 761 2997 lilius
782 2937 885 2997 autern
909 2933 990 3013 regis
1012 2951 1084 2996 cum
1108 2932 1203 2997 sociis
1225 2932 1289 2996 suis
1308 2932 1362 2994 ivit

293 3039 348 3101 per
370 3019 527 3083 nundinas
548 3020 653 3083 videre
675 3021 880 3085 diversitatem
905 3022 1061 3099 mercium,
1094 3022 1119 3085 si
1143 3021 1221 3085 torte
1242 3020 1360 3100 aliquid

237 3125 265 3172 ao
293 3109 336 3173 ibi
370 3108 488 3172 videret
520 3108 607 3189 quod
641 3110 669 3173 ei
700 3109 842 3191 plaeeret;
880 3114 910 3173 et
943 3129 1014 3174 curn
1050 3110 1251 3191 pertransiret,
1285 3109 1362 3172 vidit

292 3197 423 3262 domurn
454 3197 633 3262 mirabiliter
663 3203 801 3262 ornatam
830 3204 860 3263 et
883 3203 1017 3280 paratam
1049 3200 1159 3281 pannis
1189 3199 1310 3263 sericeis
1333 3203 1362 3262 et
1413 3230 1415 3237 ·

292 3286 452 3364 deauratis,
490 3291 591 3349 tamen
626 3287 708 3351 intus
742 3306 877 3351 vacuam.
934 3287 1111 3351 Admiratus
1146 3289 1280 3367 intravit;
1318 3288 1361 3351 nil

292 3375 370 3439 vidit
391 3375 478 3453 intra,
510 3375 568 3439 nisi
598 3393 703 3439 senem
728 3377 759 3439 in
783 3376 926 3441 cathedra
956 3376 1112 3441 sedentem
1143 3382 1173 3441 et
1204 3377 1235 3439 in
1267 3395 1361 3439 manu

293 3464 407 3527 librum
431 3464 583 3543 legentem
599 3468 628 3527 et
642 3469 804 3543 tenentem,
827 3484 843 3529 a
867 3484 932 3545 quo
955 3466 1088 3546 quesivit
1102 3466 1178 3547 quid
1199 3465 1257 3530 sibi
1274 3466 1364 3529 vellet
1481 3486 1484 3491 ·

237 3569 279 3615 roo
293 3553 363 3616 hoc.
412 3552 583 3633 Respondit
605 3554 691 3632 quod
715 3554 829 3617 domus
852 3554 908 3617 ista
930 3560 993 3618 erat
1015 3555 1047 3618 in
1071 3574 1133 3636 qua
1152 3555 1363 3619 vendebantur

293 3640 480 3722 preciosiora
513 3645 543 3705 et
578 3642 700 3706 utiliora
733 3661 795 3723 que
828 3647 930 3707 essent
963 3644 995 3706 in
1031 3644 1191 3723 nundinis,
1231 3644 1362 3707 maxime

293 3729 475 3793 hominibus
512 3730 567 3810 qui
604 3730 726 3811 aliquos
760 3732 873 3795 habent
902 3750 1016 3812 regere,
1050 3737 1087 3811 et,
1120 3734 1146 3797 si
1178 3734 1244 3813 ipse
1274 3733 1363 3796 vellet

294 3836 405 3897 emere,
434 3819 581 3883 venderet
607 3819 634 3883 ei
666 3824 788 3883 centum
817 3820 938 3885 libratas
961 3825 990 3883 et
1012 3820 1096 3901 plus;
1125 3826 1155 3885 et
1177 3822 1253 3885 dixit
1275 3821 1362 3901 quod

294 3925 411 3971 merces
433 3908 500 3987 ejus
523 3912 607 3972 erant
629 3909 782 3990 sapiencia
804 3914 833 3973 et
855 3909 1033 3990 prudencia.
1065 3911 1122 3974 lste
1144 3910 1217 3974 emit
1239 3914 1361 3974 centum

237 4011 280 4058 105
295 3995 426 4059 libratas.
460 3996 588 4078 Scripsit
612 3997 727 4078 [senex]
753 3998 784 4061 in
800 3998 909 4062 cedula
931 3998 1006 4063 hoc:
1033 4000 1087 4065 „ln
1108 4000 1255 4063 omnibus
1278 3998 1363 4063 iactis

292 4084 353 4148 tuis
375 4086 544 4164 considera,
566 4091 729 4166 antequam
753 4086 853 4165 iacias,
875 4087 916 4150 ad
939 4106 1033 4168 quem
1057 4088 1152 4153 linem
1169 4088 1242 4151 inde
1257 4086 1362 4151 venire

292 4173 425 4251 valeas;a
458 4191 598 4238 asserens
619 4174 715 4255 quod,
743 4175 769 4239 si
794 4176 854 4240 hoc
875 4194 999 4259 semper
1029 4178 1154 4243 haberet
1176 4196 1231 4259 pre
1254 4175 1361 4255 oculis,

320 4290 435 4345 Ulrich,
458 4291 596 4338 Lateinische
609 4293 744 4338 Novellistilr
757 4294 796 4339 des
810 4294 960 4341 Mittelalters.
1202 4302 1235 4351 12
