3584 4884
734 446 955 503 „67-

247 637 290 682 sao
306 635 491 698 processum
515 617 686 681 declaravit.
720 619 756 680 Et
778 618 928 680 miserunt
949 634 1062 697 proco
1085 621 1114 678 et
1129 617 1187 697 ipsi
1211 616 1378 695 interroga-

306 710 421 769 vemnt
435 706 475 768 ab
491 725 537 783 eo,
561 707 632 786 quis
648 712 677 770 et
692 707 775 769 unde
791 711 877 782 esset,
901 710 931 769 et
945 725 1040 785 quare
1055 706 1094 767 ad
1109 710 1220 768 terram
1236 705 1377 768 venisset

307 795 374 869 Qui
400 794 489 858 dixit:
513 795 625 859 Scitote
649 796 796 875 quoniam
821 813 890 858 sum
915 795 1000 858 filius
1022 795 1089 857 talis
1109 794 1190 874 regis
1213 793 1378 873 magnifici,

306 902 374 964 quo
399 888 523 948 mortuo
537 885 630 948 frater
645 885 719 946 mihi
737 885 823 964 regni
840 902 993 964 usurpans
1008 887 1111 947 motus
1125 887 1171 946 est
1186 901 1236 945 me
1251 882 1379 962 perdere

307 977 338 1036 et
361 973 514 1053 expellere
537 973 577 1036 de
600 991 710 1052 regno,
734 977 762 1036 et
777 973 888 1035 timens
903 973 970 1052 fugi
985 972 1025 1034 ad
1041 977 1150 1036 terram
1167 976 1307 1034 vestram.
1344 973 1380 1034 Et

250 1081 293 1127 sao
308 1063 472 1124 audientes
495 1062 554 1124 hoc
577 1062 713 1142 quidam,
737 1062 789 1141 qui
806 1065 1020 1141 cognoverunt
1034 1065 1148 1141 patrem
1165 1078 1266 1138 suum,
1282 1061 1380 1123 eleva-

307 1154 422 1213 verunt
445 1169 552 1214 vocem
576 1169 664 1214 suam
689 1151 835 1214 dicentes:
864 1150 953 1212 Vivat
975 1167 1035 1226 rex,
1064 1150 1145 1212 vivat
1168 1151 1234 1212 rex!
1282 1148 1379 1222 Quod

308 1239 426 1320 placuit
441 1240 587 1302 omnibus
603 1244 632 1302 et
647 1239 748 1320 ipsum
766 1239 797 1301 in
814 1257 919 1318 regem
936 1239 1166 1316 constituerunt,
1182 1242 1212 1300 et
1226 1236 1381 1300 duxerunt

309 1329 416 1408 ipsum
441 1346 496 1408 per
523 1328 681 1406 civitatem,
714 1333 748 1390 ut
775 1328 871 1392 moris
894 1331 965 1390 erat.
1014 1329 1143 1390 Etcum
1171 1327 1381 1407 pervenissent

307 1416 348 1480 ad
367 1421 488 1497 portam
506 1417 640 1496 civitatis,
664 1417 741 1480 vidit
756 1435 822 1480 eam
837 1434 900 1496 que
915 1417 1098 1496 scripserant
1112 1415 1201 1493 socii;
1225 1414 1381 1478 mandavit

252 1525 294 1570 ars
310 1506 406 1569 scribi
435 1504 521 1584 quod
550 1505 718 1586 pmdentia,
750 1505 955 1586 pulchritudo,
986 1504 1153 1568 intellectus
1176 1508 1205 1566 et
1232 1503 1379 1583 quicquid

309 1595 389 1658 boni
418 1595 538 1657 homiui
565 1595 689 1657 advenit
714 1614 732 1657 a
755 1594 815 1658 deo
847 1593 1085 1674 predestinatum
1110 1599 1162 1656 est
1209 1594 1245 1654 Et
1266 1592 1379 1656 factum

309 1688 363 1761 est,
390 1701 461 1746 cum
485 1684 602 1746 veniret
623 1683 662 1746 ad
686 1683 825 1760 domum,
851 1683 934 1746 misit
956 1701 1014 1763 pro
1033 1682 1126 1745 sociis
1148 1682 1213 1744 suis
1236 1698 1381 1744 enarrans

310 1773 389 1854 ipsis
412 1771 489 1852 quid
512 1773 571 1835 sibi
594 1771 743 1835 acciderat
756 1791 775 1834 a
789 1772 895 1835 divina
915 1771 1181 1851 predestinatione,
1203 1770 1381 1849 glorificans

310 1867 340 1924 et
363 1862 495 1924 laudans
518 1860 611 1923 deum
635 1862 675 1924 de
697 1879 753 1924 sua
775 1861 880 1940 gratia.

252 1971 295 2016 mo
405 1950 481 2013 Post
503 1951 560 2012 hec
586 1968 661 2014 vero
688 1950 764 2012 dixit
791 1949 1011 2030 philosophus:
1039 1948 1104 2011 Viri
1128 1947 1330 2027 intelligentes
1352 1950 1382 2010 et

309 2039 467 2120 sapientes
498 2039 613 2101 debent
640 2039 716 2101 scire
739 2043 768 2100 et
795 2038 927 2115 credere,
958 2037 1044 2118 quod
1073 2037 1216 2100 universa
1242 2036 1382 2098 ordinata

309 2133 339 2192 et
362 2128 515 2208 disposita
537 2132 609 2190 sunt
631 2146 649 2190 a
672 2127 779 2192 divino
798 2127 998 2206 beneplacito,
1022 2130 1051 2188 et
1074 2125 1178 2188 nullus
1202 2129 1301 2204 potest
1322 2125 1381 2187 sibi

309 2219 433 2281 bonurn
456 2217 673 2297 approximare
696 2235 752 2279 nec
775 2216 891 2278 malum
915 2215 1069 2294 elongare,
1092 2213 1146 2277 sed
1163 2217 1260 2277 totum
1284 2213 1381 2276 adeo

308 2311 461 2384 causatur,
493 2310 523 2368 et
550 2306 615 2386 ipse
642 2305 728 2385 quod
759 2305 824 2367 vult
850 2304 914 2384 agit
940 2305 971 2366 in
1003 2300 1062 2366 illis
1089 2307 1119 2365 et
1147 2303 1266 2382 perficit
1294 2301 1381 2382 quod

251 2415 294 2461 m
308 2395 451 2460 intendit
500 2395 698 2474 Quapropter
721 2394 851 2473 quilibet
872 2397 992 2456 tenetur
1013 2392 1074 2455 deo
1098 2391 1255 2455 confidere
1278 2395 1307 2453 et
1322 2391 1382 2453 hoc

306 2485 443 2562 credere,
470 2483 619 2563 quoniam
643 2501 750 2546 verum
775 2486 828 2546 est.

496 2853 550 2920 11.
586 2851 736 2922 Historia
759 2852 800 2922 de
824 2852 957 2938 septam
981 2849 1201 2937 sapientibus.

766 2993 809 3046 (eu.
825 2992 945 3047 sumna.)

462 3213 570 3292 Incipit
593 3212 727 3292 hystoria
752 3213 823 3278 ‚Vll.
846 3212 1018 3292 sapientum
1044 3210 1102 3287 (BL
1130 3209 1243 3287 13870).

404 3373 585 3438 Poncianus
613 3372 644 3433 in
673 3371 790 3434 civitate
818 3371 916 3440 Roma
944 3370 1090 3448 regnauit,
1121 3367 1258 3448 prudens
1285 3367 1383 3432 valde.

312 3464 379 3540 Qui
396 3481 527 3525 vxorem
543 3461 639 3523 filiam
656 3461 737 3540 regis
754 3459 966 3528 Romanorum
982 3458 1104 3537 accepit,
1121 3457 1280 3536 pulchram
1296 3457 1386 3519 valde

311 3573 350 3616 ac
384 3551 503 3636 occulis
537 3549 702 3613 hominum
740 3549 926 3628 graciosam,
965 3565 1059 3626 quam
1098 3545 1229 3608 multum
1269 3545 1384 3609 dilexit

314 3640 498 3722 imperatrix
532 3638 671 3718 concepit
706 3642 735 3700 et
763 3637 863 3700 filium
894 3635 1136 3716 pulcherrimum
1172 3635 1300 3714 peperit,
1336 3636 1385 3698 cui

277 3749 434 3794 snomen
465 3728 700 3808 Dyoclecyanus
727 3731 789 3788 erat
816 3725 1005 3805 impositum.
1053 3723 1159 3786 Creuit
1186 3740 1264 3802 puer
1291 3729 1320 3786 et
1346 3725 1386 3787 ab

315 3818 468 3882 omnibus
496 3817 633 3880 dilectus.
682 3815 763 3878 Cum
792 3833 866 3878 vero
895 3815 969 3877 .vl1.
997 3831 1151 3875 annorum
1175 3815 1261 3889 esset,
1292 3817 1387 3876 mater

313 3926 415 3988 vsque
446 3905 486 3968 ad
521 3909 651 3968 mortem
683 3904 909 3980 infirmabatur,
939 3902 1110 3980 vidensque
1140 3899 1226 3979 quod
1256 3902 1387 3964 euadere

315 4015 381 4060 non
406 3999 520 4076 posset,
545 3994 693 4056 nuncium
718 3992 892 4073 imperatori
917 3990 1087 4067 destinauit,
1118 3994 1151 4051 ut
1173 3989 1233 4051 cito
1256 3990 1295 4052 ad
1319 4009 1386 4052 eam

313 4085 484 4149 accederet.
533 4084 699 4163 lmperator
722 4100 796 4144 vero
826 4080 925 4143 statim
953 4079 991 4141 ad
1020 4097 1086 4141 eam
1114 4078 1206 4139 venit
1253 4078 1325 4152 Que
1348 4079 1389 4140 ait

260 4195 287 4239 ro
314 4177 355 4240 ei:
391 4172 553 4240 „Domine
577 4171 627 4249 mi,
661 4171 699 4233 de
729 4171 784 4234 hac
812 4168 987 4230 infirmitate
1015 4166 1145 4229 euadere
1175 4182 1239 4227 non
1269 4171 1386 4246 potero.

1228 4284 1263 4335 5.
