3584 4884
715 458 940 515 „47-

290 631 422 693 familias
450 634 667 709 argumentum
698 629 843 707 invenire,
874 629 1038 709 quomodo
1069 633 1174 709 posset
1202 628 1364 691 sefacere

291 720 488 784 innocentem
510 719 550 782 ab
574 718 623 780 his
645 736 707 797 que
722 723 897 799 patraverat
933 720 970 781 Et
983 718 1134 781 clamabat
1150 736 1228 780 voce
1251 735 1363 796 magna

237 828 264 873 so
291 809 405 886 dicens,
429 826 488 871 suo
504 808 614 869 marito
629 807 784 872 audiente:
809 808 946 871 Domine
961 808 1039 870 deus
1053 808 1191 882 sabaotb,
1206 807 1233 869 si
1248 804 1364 869 videris

290 898 490 961 afflictionem
513 896 624 959 ancille
645 901 697 958 tue
719 901 748 958 et
770 897 939 977 respexeris
954 897 1189 959 imbecillitatem
1213 914 1313 959 mmm
1334 900 1365 957 et

291 986 498 1050 innocentiam
522 1002 653 1065 operum
670 1004 820 1063 meorum,
844 991 873 1048 et
888 985 1050 1065 quomodo
1065 990 1152 1064 capta
1167 1002 1239 1047 sum
1260 1003 1280 1047 a
1293 985 1363 1047 viro

292 1094 362 1138 meo
383 1076 503 1153 absque
518 1075 616 1154 culpa,
639 1074 767 1137 domine
782 1074 868 1153 deus,
893 1075 1015 1137 restitue
1030 1074 1108 1135 milri
1130 1092 1241 1136 nasum
1256 1092 1362 1136 meum

291 1169 320 1227 et
354 1163 484 1227 ostende
519 1163 614 1226 hodie
648 1182 705 1243 pro
739 1164 848 1226 ancilla
881 1168 933 1225 tua
966 1164 1159 1226 miraculum,
1206 1163 1243 1225 lit
1271 1163 1364 1225 dilata

239 1271 266 1317 aa
292 1272 411 1333 parum,
443 1252 522 1332 cepit
551 1253 682 1315 clamare
711 1257 817 1315 contra
846 1253 949 1315 virum
979 1271 1072 1315 suurn
1099 1252 1221 1315 dicens:
1253 1250 1362 1329 Surge,

290 1342 427 1422 maligne
449 1346 478 1404 et
500 1341 602 1421 impie,
626 1345 655 1403 et
669 1342 830 1405 considera
844 1342 996 1405 mirabilia
1017 1341 1068 1403 dei
1083 1360 1147 1421 que
1161 1345 1305 1421 operatus
1318 1344 1365 1403 est

290 1450 363 1511 erga
387 1450 446 1508 me,
470 1430 636 1509 respiciens
660 1430 864 1493 innocentiam
882 1450 982 1493 meam
998 1435 1029 1493 et
1045 1432 1155 1493 volens
1170 1429 1363 1492 manifestare

291 1520 478 1600 impietatem
494 1523 591 1592 tuam;
615 1536 684 1581 ecce
707 1520 835 1581 restituit
857 1519 933 1581 mihi
956 1537 1066 1582 nasum
1090 1537 1195 1581 meum
1218 1523 1253 1581 ut
1267 1519 1362 1598 ptius

292 1610 328 1671 lit
350 1608 481 1671 audiens
504 1609 565 1671 lroc
586 1608 641 1685 vir,
666 1608 792 1671 miratus
814 1612 859 1671 est
882 1609 961 1670 intra
982 1627 1016 1671 se
1038 1607 1158 1671 dicens:
1189 1606 1363 1681 Quomodo

240 1716 266 1759 so
291 1701 392 1777 potest
415 1698 476 1759 hoc
497 1699 585 1761 esse?
633 1698 669 1759 lit
690 1716 818 1761 accenso
841 1697 1027 1760 candelabro
1049 1697 1226 1759 festinanter
1247 1696 1303 1758 ivit
1323 1695 1363 1757 ad

291 1787 385 1851 illam.
431 1785 496 1858 Qui
524 1804 594 1848 cum
624 1786 741 1849 videret
771 1804 880 1849 nasum
911 1803 1004 1849 suum
1035 1786 1198 1864 integrum,
1232 1785 1364 1848 absolvit

292 1893 358 1937 earn
382 1893 401 1936 a
425 1875 591 1953 ligamento
614 1890 686 1950 suo,
717 1882 747 1937 et
776 1875 960 1956 supplicavit
988 1879 1023 1937 ut
1051 1878 1187 1954 parceret
1215 1874 1257 1951 ei,
1290 1892 1362 1935 cum

293 1963 401 2042 inique
423 1963 535 2042 egisset
550 1967 655 2025 contra
671 1964 777 2043 ipsam,
800 1970 830 2027 et
852 1964 1014 2030 confessus
1028 1968 1074 2026 est
1088 1967 1246 2043 peccatum
1269 1980 1362 2025 suurn

292 2052 331 2114 ad
355 2052 460 2129 deum,
484 2057 590 2131 petens
612 2052 639 2113 ei
657 2052 897 2115 misericordiam
914 2058 944 2115 et
958 2053 1181 2115 remissionem.
1217 2051 1363 2130 Cumque

212 2174 215 2179 ι
240 2156 266 2202 95
291 2141 425 2203 venisset
440 2157 519 2202 uxor
530 2140 752 2205 barbitonsoris
762 2140 801 2203 ad
814 2140 945 2204 domum
957 2159 1054 2217 suam,
1070 2142 1213 2221 cogitavit
1227 2141 1365 2203 invenire

291 2233 473 2309 argumenta
500 2229 662 2308 quomodo
689 2235 792 2310 posset
822 2230 951 2293 evadere
978 2229 1019 2291 de
1041 2230 1112 2293 -viro
1142 2248 1201 2293 suo
1224 2230 1265 2294 de
1287 2247 1364 2293 naso

292 2319 346 2397 qui
384 2318 443 2380 sibi
478 2322 541 2381 erat
571 2323 752 2399 amputatus.
807 2319 955 2383 Diluculo
983 2336 1058 2381 vero
1091 2323 1255 2398 antequam
1286 2324 1365 2381 esset

292 2425 412 2483 aurora,
436 2407 567 2469 surrexit
588 2408 635 2469 vir
657 2408 723 2470 eius
745 2408 852 2471 dicens
874 2409 917 2471 ei:
941 2408 1045 2470 Presta
1064 2408 1140 2469 milii
1164 2408 1365 2471 instrumenta

292 2496 374 2573 artis,
399 2496 499 2558 habeo
522 2496 605 2558 enirn
629 2497 749 2575 operari
774 2496 867 2559 hodie
894 2497 927 2557 in
950 2515 1023 2559 cura
1050 2496 1211 2559 cuiusdam
1239 2496 1364 2559 nobilis

140 2644 141 2647 ,
243 2600 279 2646 roo
295 2586 332 2647 Et
354 2602 516 2663 exurgens
531 2584 582 2647 illa
608 2585 667 2647 sibi
696 2586 831 2665 porrexit
853 2586 1048 2649 novaculum.
1094 2584 1155 2648 Cui
1182 2586 1242 2647 vir:
1273 2584 1363 2661 Volo,

294 2674 432 2753 inquam,
468 2674 573 2735 omnia
607 2674 815 2735 instrumenta.
867 2674 908 2736 At
940 2674 992 2735 illa
1026 2674 1135 2736 iterum
1170 2674 1306 2753 porrexit
1335 2672 1363 2735 ei

293 2762 489 2825 novaculum.
537 2763 573 2824 Et
594 2762 737 2825 excitatus
760 2762 792 2823 in
821 2764 896 2825 iram
921 2763 1048 2842 proiecit
1076 2763 1226 2825 rasorium
1257 2778 1364 2824 versus

294 2852 387 2915 illam.
432 2851 473 2913 At
495 2852 545 2915 illa
568 2852 647 2931 cepit
676 2852 806 2914 clamare
828 2851 979 2915 dolendo:
1009 2852 1055 2914 Ve
1077 2852 1153 2913 mihi
1177 2870 1296 2928 nasum,
1325 2870 1364 2913 ve

293 2940 371 3001 milri
402 2942 526 3003 nasum!
575 2941 634 3003 Die
663 2944 763 3003 autern
792 2940 875 3018 facta,
915 2945 1127 3003 convenerunt
1156 2940 1228 3003 illuc
1254 2958 1365 3003 omnes

242 3045 280 3090 ins
294 3029 402 3091 fratres
425 3033 455 3091 et
476 3030 697 3109 consanguinei
721 3030 866 3108 mulieris,
894 3034 925 3091 et
946 3030 1106 3109 conquesti
1129 3029 1169 3091 de
1191 3029 1301 3091 marito
1322 3028 1363 3091 ad

293 3122 482 3197 potestatem,
517 3118 587 3180 fecit
616 3119 717 3198 ipsum
748 3120 823 3199 capi,
858 3122 888 3181 et
917 3119 1099 3181 constitutus
1128 3137 1231 3181 coram
1263 3117 1364 3181 iudice

294 3207 499 3284 interrogatus
514 3211 559 3269 est
573 3224 667 3287 super
682 3208 749 3285 hoc,
772 3226 867 3287 quare
883 3208 993 3270 iecerat
1008 3207 1084 3269 illud
1100 3211 1130 3270 et
1149 3226 1220 3270 cum
1237 3208 1365 3270 nesciret

295 3296 484 3374 respondere
506 3295 644 3372 verbum,
669 3296 755 3359 iussit
778 3297 871 3359 iudex
895 3314 967 3359 eum
992 3296 1079 3376 ligari
1102 3301 1132 3359 et
1153 3296 1291 3376 fustigari
1308 3316 1365 3377 per

294 3384 455 3446 civitatem.
502 3384 572 3463 Ipso
595 3403 669 3447 vero
693 3385 843 3464 ligato'ut
866 3384 1069 3464 fustigaretur,
1096 3404 1167 3447 ecce
1188 3386 1365 3466 superuenit

244 3489 281 3535 no
296 3472 445 3535 heremita
467 3476 497 3535 et
519 3474 650 3552 quesivit
672 3492 690 3535 a
715 3474 838 3553 populo
866 3492 961 3553 quare
984 3474 1094 3555 ligatus
1117 3478 1197 3538 esset
1223 3475 1282 3536 ille
1329 3477 1364 3538 Et

295 3562 442 3623 heremita
465 3561 573 3625 videns
596 3562 695 3624 turem
719 3581 811 3627 suum
836 3563 915 3626 inter
936 3568 1053 3627 ceteros
1067 3568 1195 3627 stantem
1212 3582 1283 3627 cum
1299 3564 1364 3627 suis

294 3651 432 3713 vestibus
455 3651 607 3729 indutum,
630 3656 751 3733 accepta
773 3671 871 3730 causa,
895 3653 1019 3715 accessit
1032 3652 1072 3715 ad
1093 3652 1235 3731 iudioem,
1258 3652 1365 3716 dicens

295 3740 336 3802 ei:
361 3740 510 3819 Obsecro,
534 3740 662 3803 domine
677 3741 778 3821 iudex,
803 3759 998 3821 nequaquam
1021 3742 1259 3821 sophisticentur
1280 3742 1364 3823 apud

295 3832 324 3890 te
352 3829 454 3891 verba.
506 3830 612 3893 Vestes
638 3834 738 3892 autem
772 3848 849 3909 quas
879 3831 931 3892 fur
956 3830 1074 3893 furatus
1101 3834 1154 3907 est,
1185 3849 1253 3893 mea
1280 3836 1366 3893 erant

247 3932 283 3978 115
297 3918 484 3979 vestimenta.
529 3918 643 3980 Nonne
667 3918 742 3981 hirci
769 3920 835 3981 duo
863 3919 1078 3981 interiecerunt
1103 3919 1228 3999 vulpem
1252 3937 1365 3982 eorun-

295 4004 367 4067 dem
391 4005 574 4085 sanguinem
597 4006 770 4069 sitientem?
799 4024 905 4069 nonne
927 4011 957 4068 et
979 4006 1029 4069 illa
1052 4008 1164 4070 mulier
1186 4008 1313 4088 pulvere
1331 4026 1364 4071 se

297 4093 445 4156 interiecit
467 4094 647 4157 mortifero?
678 4113 734 4157 nec
764 4096 932 4177 amputavit
954 4096 1152 4159 barbitonsor
1177 4114 1286 4159 nasum
1309 4114 1365 4159 sue

297 4182 424 4245 uxoris?
461 4184 496 4245 Et
519 4183 721 4263 interrogatus
743 4203 762 4247 a
785 4185 886 4247 iudice
909 4184 968 4248 sibi
991 4188 1089 4247 totum
1114 4184 1264 4263 exposuit
