3584 4884
847 448 1088 507 -176-

380 639 408 685 ao
435 621 560 684 deberet
574 638 641 684 esse
657 624 687 684 et
700 620 787 700 quod
804 638 861 683 nec
883 621 1048 702 episcopus
1063 620 1102 683 ad
1125 639 1195 683 eum
1211 625 1343 699 venerat,
1360 621 1507 701 cogitavit

434 709 517 790 apud
540 728 574 773 se
597 708 682 791 quo'd
707 708 794 772 nullo
817 709 914 773 modo
938 710 1139 790 penitenciam
1163 728 1251 773 suam
1275 710 1435 790 frangeret

524 798 606 862 Cum
634 803 735 860 autem
767 798 809 859 illi
837 798 1049 861 sollicitassent
1078 817 1149 861 eum
1180 799 1310 879 qualiter
1340 803 1419 862 esset
1442 818 1506 861 res-

436 886 593 967 ponderet,
616 888 726 967 etipse
742 886 941 950 immobiliter
956 892 1063 964 oraret,
1088 886 1283 967 indignantes
1298 892 1505 965 recesserunt;

435 980 464 1038 et
478 976 565 1055 quasi
581 976 620 1038 ad
636 976 766 1039 domum
783 976 849 1054 ejus
871 980 986 1053 euntes
1002 976 1161 1039 adducunt
1175 976 1202 1039 ei
1219 994 1316 1039 unum
1332 975 1504 1059 dyabolum

380 1081 409 1127 uo
436 1066 466 1127 in
490 1065 623 1145 speciem
648 1064 753 1127 uxoris
776 1065 1034 1144 transfiguratum,
1058 1065 1196 1127 etalium
1218 1066 1398 1145 inspeciem
1415 1066 1504 1146 pueri

435 1154 482 1215 sui
507 1153 634 1233 parvuli,
665 1172 758 1233 quem
783 1153 915 1216 maxime
946 1154 1099 1234 diligebat,
1131 1172 1225 1233 quem
1256 1156 1395 1234 portabat
1426 1154 1506 1216 inter

436 1242 559 1305 brachia
581 1246 688 1320 mater;
717 1246 746 1305 et
768 1242 844 1304 dixit
866 1242 893 1305 ei
919 1260 1012 1305 uxor:
1046 1242 1211 1322 „Domine
1235 1243 1311 1323 quid
1335 1242 1505 1323 responde-

435 1330 506 1395 bitis
528 1331 594 1394 istis
617 1331 857 1394 mercatoribus?
905 1330 1003 1394 Modo
1032 1331 1111 1411 juste
1142 1332 1267 1411 potestis
1298 1332 1416 1409 lucran',
1449 1332 1504 1412 qui

435 1419 579 1483 solebatis
604 1420 703 1482 aliena
726 1434 859 1499 rapere.a
908 1420 1052 1484 Similiter
1081 1438 1160 1500 puer
1189 1438 1317 1501 pomum
1346 1420 1373 1483 ei
1404 1420 1505 1501 porri-

381 1525 409 1570 ιο
436 1510 534 1589 gebat,
558 1508 628 1571 etei
644 1507 857 1589 applaudebat,
881 1512 910 1572 et
925 1509 952 1571 ei
969 1509 1153 1589 loquebatur
1168 1509 1383 1572 balbuciendo.
1419 1508 1503 1573 Cum

435 1602 536 1660 autem
560 1615 617 1661 nec
640 1616 695 1678 per
717 1598 777 1660 hoc
799 1601 926 1678 stupens
956 1616 989 1660 se
1013 1602 1149 1661 moveret
1171 1602 1224 1660 aut
1251 1598 1427 1677 loqueretur
1451 1598 1504 1675 εἰς,

436 1686 550 1767 incepit
571 1703 651 1749 uxor
673 1686 747 1749 flere
770 1690 800 1748 et
821 1703 854 1749 se
877 1686 1019 1749 miseram
1043 1686 1152 1763 dicere,
1181 1705 1238 1766 pro
1262 1687 1329 1749 viro
1352 1704 1418 1764 suo,
1448 1688 1504 1767 qui

436 1775 590 1855 loquelam
614 1775 755 1839 amiserat
782 1778 811 1837 et
837 1793 976 1853 sensum;
1007 1779 1129 1838 etcum
1162 1792 1218 1838 nec
1246 1776 1290 1839 sic
1317 1775 1368 1838 ille
1396 1775 1504 1854 loque-

437 1870 531 1941 retur,
569 1868 687 1927 mutant
717 1882 751 1927 se
783 1865 935 1927 demones
969 1864 1000 1926 in
1035 1864 1267 1927 similitudinem
1302 1864 1440 1944 episcopi
1474 1868 1506 1927 et

382 1969 408 2015 u
437 1953 625 2031 clericorum,
657 1958 687 2015 et
712 1952 796 2015 venit
821 1955 861 2015 ad
889 1952 1015 2015 militem
1044 1952 1095 2015 ille
1117 1952 1213 2016 factus
1243 1954 1408 2033 episcopus
1430 1971 1503 2015 cum

436 2043 518 2105 clero
541 2060 609 2120 suo,
633 2042 751 2105 dicens:
778 2041 980 2119 „Benedicitq
1004 2041 1061 2119 iili;
1085 2041 1245 2104 benedicat
1259 2042 1314 2105 tibi
1332 2042 1504 2119 Dominus;

436 2130 599 2211 quomodo
632 2131 690 2193 iuit
719 2131 815 2193 tibi?“
852 2135 882 2194 et
912 2129 1108 2209 hujusmodi.¹
1147 2130 1317 2211 Obstupuit
1346 2130 1442 2207 miles,
1474 2135 1506 2193 et

436 2220 570 2282 hesitans
599 2220 653 2281 diu
684 2220 710 2282 si
741 2219 952 2300 responderet,
992 2219 1065 2299 quia
1095 2236 1159 2291 non
1190 2220 1351 2282 videbatur
1381 2218 1409 2281 ei
1439 2237 1505 2282 nox

436 2308 586 2384 transisse,
611 2308 737 2387 rogabat
759 2308 837 2370 intra
851 2326 885 2371 se
902 2308 1074 2371 Dominum
1099 2327 1139 2371 ne
1154 2307 1352 2389 deciperetur,
1376 2311 1405 2371 et
1426 2308 1504 2370 deli-

381 2412 409 2457 ω
437 2396 551 2459 beravit
580 2414 614 2458 se
645 2396 747 2476 primo
778 2396 900 2475 signare
927 2414 1020 2477 quam
1052 2396 1151 2476 loqui;
1182 2396 1268 2477 quod
1291 2415 1363 2460 cum
1386 2396 1505 2475 faceret,

436 2484 556 2548 contusi
579 2485 729 2547 demones
752 2484 907 2547 invertunt
928 2484 961 2547 s'e
985 2486 1016 2547 in
1041 2486 1204 2549 horribiles
1226 2485 1351 2565 species,
1375 2485 1504 2548 militem

435 2573 630 2636 verberantes
653 2591 752 2651 usque
774 2572 812 2635 ad
845 2578 975 2637 mortem
1000 2577 1123 2637 eleum
1146 2574 1292 2637 acerrime
1313 2578 1504 2654 torquentes.

436 2661 518 2726 Cum
541 2666 642 2724 autem
667 2662 705 2724 ad
729 2662 909 2725 crucifixum
934 2663 1042 2726 oculos
1065 2664 1195 2727 elevaret
1217 2663 1383 2743 etJhesum
1407 2663 1505 2725 cruci-

435 2752 532 2814 fixum
557 2755 586 2814 et
599 2755 726 2814 matrem
742 2751 809 2830 ejus
824 2752 855 2813 in
872 2769 964 2814 suum
980 2751 1169 2831 adjutorium
1189 2752 1357 2829 advocaret,
1382 2751 1504 2815 contusi

381 2856 410 2903 uo
436 2860 506 2905 cum
530 2840 665 2903 maximo
687 2841 790 2903 sonitu
813 2840 968 2920 fugerunt.
1014 2842 1106 2903 Mane
1128 2845 1228 2903 autem
1253 2841 1339 2916 iacto,
1363 2840 1505 2921 aperiens

437 2931 600 3012 episcopus
623 2934 734 3010 portas,
757 2929 841 2992 venit
862 2933 891 2991 et
914 2930 1030 2992 invenit
1049 2948 1120 2992 eum
1138 2930 1225 3009 quasi
1249 2935 1415 3005 mortuum,
1439 2930 1503 3007 qui,

436 3036 577 3083 reversus
598 3019 638 3081 ad
661 3020 749 3095 vires,
778 3018 878 3081 retulit
904 3018 1033 3097 qualiter
1054 3018 1114 3081 sibi
1138 3018 1247 3095 iuerat,
1278 3024 1400 3081 etcum
1424 3018 1503 3098 epis

437 3126 535 3189 copus
557 3108 671 3171 diceret
693 3109 720 3171 ei
744 3107 830 3188 quod
854 3108 880 3170 ei
905 3108 992 3169 aliam
1016 3107 1217 3187 penitenciam
1235 3125 1298 3170 non
1322 3107 1502 3186 injungeret,

436 3198 488 3259 ille
510 3198 541 3259 in
569 3198 719 3261 artissima
748 3196 917 3277 penitencia
947 3196 1120 3277 permansit,
1153 3196 1258 3259 dicens
1288 3195 1374 3276 quod
1405 3196 1504 3275 magis

382 3306 410 3351 oo
436 3287 527 3349 vellet
556 3286 636 3348 mori
670 3304 763 3365 quam
798 3285 986 3349 demonibus
1019 3290 1080 3347 tam
1115 3285 1292 3349 crudelibus
1320 3284 1434 3348 servire
1464 3284 1504 3346 de

436 3380 536 3438 cetero
558 3375 606 3436 vel
630 3375 661 3436 in
686 3392 796 3437 manus
818 3392 927 3437 eorum
951 3373 1067 3438 cadere.

831 3524 860 3578 2.
905 3515 1123 3606 1=s54y

524 3638 638 3701 Audivi
660 3658 680 3701 a
702 3640 791 3703 tratre
811 3641 967 3705 Gautrido
991 3642 1030 3704 de
1056 3642 1176 3718 Blevex,
1201 3645 1316 3705 rectore
1338 3640 1502 3719 theologie,

436 3728 522 3807 quod
553 3727 661 3791 accidit
690 3729 721 3790 in
753 3729 946 3792 Theothonia
977 3731 1062 3809 quod
1094 3730 1221 3810 quidam
1251 3729 1501 3809 archidyaconus,

436 3816 576 3880 ambiens
599 3817 817 3897 episcopatum,
841 3818 1043 3881 insidiabatur
1065 3820 1212 3899 episcopo
1235 3836 1301 3896 su0,
1326 3818 1412 3881 bono
1434 3818 1502 3880 viro

382 3922 411 3968 co
438 3911 467 3969 et
500 3906 575 3982 seni,
613 3906 776 3985 quomodo
814 3924 885 3968 eum
925 3906 1088 3984 occideret;
1127 3912 1156 3969 et
1190 3925 1259 3970 cum
1295 3906 1504 3969 consuevisset

436 3995 536 4058 dictus
558 3994 721 4075 episcopus
743 3994 848 4057 venire
870 3993 910 4056 ad
934 3996 1095 4059 matutinas
1122 4000 1151 4057 et
1174 3996 1333 4076 prevenire
1355 3996 1440 4072 alios,
1463 3995 1502 4058 ad

437 4084 626 4148 salutandam
661 4085 778 4146 beatam
810 4082 982 4162 Virginem,
1028 4088 1058 4146 et
1096 4084 1206 4146 intrare
1245 4102 1300 4163 per
1336 4084 1501 4164 quamdam

437 4177 555 4252 portam
577 4177 718 4248 veterem,
749 4171 908 4233 collocavit
930 4170 969 4231 de
993 4175 1081 4233 nocte
1103 4172 1346 4251 archidyaconus
1369 4172 1501 4252 lapidem
