3584 4884
679 481 922 541 -195-

270 656 377 721 „Exite
404 656 485 732 hinc,
515 655 643 719 domina
668 656 841 735 sortilega·
888 655 971 719 Cum
994 661 1096 720 autem
1127 675 1192 719 non
1224 662 1335 737 posset,

267 745 369 809 emisit
396 764 464 807 eam
495 744 645 821 sacerdos,
678 744 821 823 [dicenslz
855 746 974 809 ‚nodo
1004 744 1114 809 videtis
1143 746 1231 825 quod
1255 746 1336 809 fatua

268 834 348 912 estis,
372 852 434 913 que
455 834 635 915 sompnium
657 834 812 897 veritatem
836 834 987 897 creditis.a

646 982 697 1039 29.
745 976 799 1056 [=
822 975 852 1040 s.
878 976 963 1056 aaa]

358 1100 471 1163 Audivi
494 1102 591 1181 quod,
614 1119 685 1163 curn
701 1100 828 1181 quidam
848 1100 1031 1163 domicellus
1053 1102 1191 1181 graciose
1213 1101 1336 1165 cuidam

214 1210 255 1257 aso
271 1188 403 1270 principi
425 1190 558 1266 serviret,
588 1189 716 1270 quidam
739 1189 807 1269 ejus
827 1190 1003 1270 prepositus
1025 1190 1209 1269 maliciosus,
1240 1192 1268 1254 ei
1290 1194 1338 1254 in-

271 1278 388 1356 videns,
418 1278 570 1342 accusavit
590 1296 661 1341 eum
684 1278 768 1358 apud
800 1278 966 1341 dominum
988 1296 1090 1357 suum,
1121 1279 1228 1343 dicens
1250 1280 1337 1359 quod

269 1385 328 1447 pro
362 1371 444 1431 certo
477 1368 591 1431 sciebat
628 1367 715 1447 quod
749 1386 820 1430 cum
858 1385 956 1431 uxore
989 1385 1046 1430 sua
1079 1369 1337 1446 commisceretur,

269 1456 388 1520 addens
414 1456 517 1536 aliqua
543 1456 619 1519 falsa
645 1456 820 1536 intersigna
865 1456 948 1519 Cum
976 1461 1077 1519 autem
1101 1456 1128 1519 ei
1152 1457 1338 1536 credidisset,

271 1545 444 1609 habuerunt
465 1545 629 1609 consilium
653 1545 805 1625 iniquum,
828 1550 859 1607 et
871 1546 993 1607 vomuit
1011 1546 1078 1624 ejus
1093 1546 1224 1609 consilio
1239 1545 1339 1609 dictus

214 1655 256 1702 res
272 1633 415 1715 princeps
452 1634 604 1714 quosdam
644 1634 811 1715 operarios,
848 1634 903 1713 qui
933 1634 1089 1697 fornacem
1113 1634 1145 1696 in
1176 1639 1265 1698 nocte
1287 1634 1339 1697 illa

272 1722 425 1787 debebant
437 1722 624 1787 succendere
637 1724 676 1786 ad
693 1724 806 1787 calcem
822 1722 1002 1801 faciendam,
1025 1727 1055 1786 et
1076 1722 1147 1786 fecit
1168 1741 1223 1786 eos
1237 1724 1339 1803 jurare

271 1813 358 1892 quod
380 1812 413 1875 in
436 1830 527 1875 mane
556 1812 644 1875 illum
668 1812 821 1875 mitterent
842 1812 874 1874 in
896 1812 1054 1875 fornacem
1079 1812 1133 1891 qui
1157 1813 1277 1893 primus
1298 1812 1338 1875 ad

271 1918 325 1965 eos
347 1901 472 1967 veniret
518 1900 600 1965 Cum
623 1906 725 1964 autem
748 1918 873 1965 summo
907 1919 997 1963 mane
1019 1906 1218 1965 convocasset
1239 1900 1340 1964 dictus

272 1992 414 2069 princeps
436 1989 552 2054 dictum
578 1990 732 2070 juvenem,
762 1990 852 2069 jussit
872 1994 907 2053 ut
929 1990 1105 2054 festinanter
1132 1991 1188 2053 iret
1209 1990 1248 2053 ad
1265 2008 1339 2071 ope-

214 2102 258 2147 rto
273 2079 378 2155 rarios,
401 2083 431 2141 et
452 2080 566 2143 diceret
580 2080 625 2143 eis
639 2078 726 2159 quod
742 2079 873 2142 omnino
895 2079 1030 2142 facerent
1052 2080 1138 2160 quod
1162 2079 1221 2143 sibi
1242 2080 1341 2142 fuerat

273 2168 464 2247 imperatum.
511 2168 563 2231 llle
589 2173 700 2245 autem,
730 2169 808 2231 sicut
838 2168 970 2248 singulis
999 2169 1110 2232 diebus
1140 2173 1341 2232 consueverat

270 2260 433 2337 antequam
456 2257 573 2337 aliquid
596 2257 715 2335 faceret,
738 2256 836 2321 voluit
857 2258 944 2337 prius
966 2257 1074 2320 audire
1097 2257 1221 2321 missam
1245 2275 1338 2337 quam

272 2345 325 2409 ire.
373 2345 552 2427 Prepositus
572 2350 674 2409 autem
697 2346 845 2425 gaudens,
868 2364 939 2409 curn
963 2346 1099 2409 crederet
1119 2346 1181 2425 jam
1205 2364 1276 2409 eum
1299 2344 1339 2408 ad

272 2434 427 2497 fornacem
451 2434 571 2498 venisse
593 2440 623 2497 et
645 2436 851 2512 combustum,
879 2435 1018 2515 prevenit
1040 2452 1121 2513 eum,
1151 2440 1181 2497 et
1202 2436 1242 2499 ab
1265 2452 1340 2515 ope·

215 2546 259 2591 aas
274 2522 362 2586 rariis
383 2523 416 2585 in
439 2524 595 2587 fornacem
619 2524 774 2604 projectus
796 2529 849 2587 est
894 2524 1039 2588 Similiter
1065 2524 1174 2587 accidit
1203 2524 1263 2587 illis
1285 2524 1340 2603 qui

275 2612 435 2675 Danielem
466 2612 657 2693 projecerant
687 2614 719 2676 in
749 2613 906 2676 fornacem
937 2630 975 2675 ex
1005 2612 1121 2676 invidia
1154 2613 1247 2692 (Dan.
1270 2613 1338 2693 1111).

650 2761 701 2819 3ο.
748 2755 801 2836 [=
826 2754 856 2819 s.
881 2754 966 2834 333]

361 2877 443 2942 Cum
472 2879 505 2941 in
531 2878 647 2943 diocesi
672 2878 873 2960 Risumptina,
904 2879 936 2941 in
966 2897 1029 2958 qua
1058 2878 1169 2942 assueti
1200 2877 1342 2942 solebant

273 2984 339 3030 esse
362 2967 505 3031 homines
526 2968 628 3047 jurare
649 2973 680 3031 et
702 2968 805 3031 Deum
829 2986 942 3047 negare
955 2968 1008 3030 ·vel
1031 2968 1192 3047 abnegare,
1216 2985 1341 3031 summo

273 3055 410 3120 diluculo
440 3057 554 3120 exirem
578 3057 618 3120 de
645 3056 782 3137 quodam
810 3060 917 3134 castro,
950 3056 1044 3119 habui
1072 3056 1196 3119 obviam
1225 3055 1340 3119 dictum

216 3168 260 3213 rso
275 3144 445 3209 bubulcum
475 3146 687 3209 comedentem
716 3147 794 3228 pira;
825 3151 948 3209 etcum
978 3163 1139 3225 quererem
1171 3146 1274 3225 siqui
1302 3146 1342 3207 ila

275 3251 365 3297 mane
394 3234 549 3299 reficiebat
577 3253 691 3316 corpus
720 3236 823 3299 adhuc
856 3233 1009 3297 refecisset
1042 3234 1176 3298 animam
1208 3233 1341 3297 dicendo
1387 3260 1390 3265 ·

274 3322 462 3386 dominicam
492 3324 678 3402 oracionem,
707 3325 826 3405 jurabat
857 3328 887 3387 et
919 3324 1022 3387 Deum
1053 3323 1226 3403 abnegabat
1255 3322 1340 3402 quod

274 3411 340 3491 ipse
364 3412 453 3475 Pater
475 3418 579 3477 noster
608 3414 769 3479 nesciebat
816 3416 852 3477 Et
879 3431 950 3477 curn
981 3430 1041 3492 ego
1071 3412 1238 3491 arguebam
1269 3429 1341 3474 eum

274 3500 314 3563 de
337 3500 397 3565 hoc
419 3502 506 3581 quod
530 3502 596 3582 ipse
617 3502 738 3581 jurabat
752 3508 782 3566 et
798 3504 900 3567 Deum
917 3501 1048 3580 negabat
1066 3519 1104 3563 ex
1119 3498 1342 3563 consuetudine

218 3612 260 3659 aaa
275 3588 406 3668 jurandi,
440 3590 616 3671 periurabat
643 3591 750 3669 jurans
779 3597 809 3654 et
837 3592 994 3669 abnegans
1024 3589 1127 3653 Deum
1160 3587 1247 3668 quod
1277 3588 1344 3668 ipse

277 3696 333 3741 nec
356 3678 459 3741 Deum
489 3680 642 3759 juraverat
671 3679 728 3743 nec
755 3681 971 3759 abnegaverat;
1002 3682 1032 3741 et
1058 3678 1103 3741 sic
1129 3695 1252 3758 semper
1274 3695 1344 3757 per-

274 3766 394 3845 iurabat
416 3786 487 3831 cum
511 3769 586 3849 plus
604 3787 676 3833 eum
700 3768 739 3833 de
762 3770 823 3833 hoc
844 3767 1025 3848 arguebam.

650 3916 700 3975 31.
747 3909 801 3992 [==·
825 3907 855 3975 S.
880 3909 965 3989 aad]

364 4036 478 4100 Audivi
501 4055 519 4099 a
541 4034 678 4116 quodam
702 4036 792 4098 fratre
815 4034 972 4099 sacerdote
988 4037 1018 4097 et
1040 4033 1237 4115 predicatore,
1261 4031 1350 4095 dicto-

275 4125 366 4187 fratre
389 4125 536 4207 Symone,
565 4124 661 4204 quod,
690 4142 761 4187 curn
785 4123 913 4204 quidam
944 4123 1091 4186 heremita
1107 4122 1281 4185 ¹miraretur
1312 4120 1342 4182 in

221 4231 262 4277 am
277 4212 371 4278 corde
386 4232 453 4291 suo,
477 4231 675 4277 murmurans
690 4212 729 4276 de
744 4213 874 4278 diversis
895 4212 1019 4293 iudiciis
1035 4212 1103 4290 Dei,
1127 4210 1167 4273 de
1181 4211 1242 4274 hoc
1256 4208 1344 4289 quod
