3584 4884
832 452 1076 507 -120-

366 627 551 686 ammonem
588 621 680 701 patris
715 620 791 683 dixit
820 621 940 701 primus
976 622 1072 684 iilius:
1111 623 1198 701 „Ego
1228 623 1328 686 habeo
1358 625 1488 686 anulum

421 711 513 791 patris
552 711 611 773 mei
651 710 852 789 preciosum.⁴¹
916 710 1079 774 Secundus
1116 711 1204 774 dixit:
1253 713 1309 776 „Et
1350 713 1491 775 similiter

421 814 508 878 ego.¹‘
557 798 682 861 Tercius
710 799 801 861 irater
828 800 1001 879 respondit:
1039 801 1141 877 „Non
1165 801 1272 879 inquit,
1296 805 1342 864 est
1365 801 1489 878 iustum,

421 888 506 966 quod
527 905 584 951 vos
607 905 678 950 eum
703 887 845 964 habeatis,
869 906 908 951 eo
931 888 1017 968 quod
1041 889 1146 951 senior
1168 889 1260 952 habet
1282 890 1489 967 hereditatem,

420 977 498 1038 atius
527 977 715 1040 thezaumm.
766 976 826 1040 Sed
856 995 925 1056 ego,
960 982 991 1039 vt
1020 995 1119 1058 spero,
1155 979 1328 1058 preciosum
1359 979 1489 1041 anulum

366 1083 407 1130 au
422 1065 550 1128 habeo!¹

779 1261 855 1341 Cap.
882 1269 922 1324 48
949 1262 1009 1340 (BL
1033 1262 1128 1340 aon).

791 1379 834 1436 De
853 1396 936 1450 mago
958 1384 985 1436 et
1004 1380 1118 1436 mundo.

511 1527 657 1589 Narratur
680 1527 719 1590 de
742 1527 878 1607 quodam
897 1547 997 1607 mago,
1021 1528 1075 1608 qui
1092 1528 1199 1590 habuit
1214 1527 1368 1607 quendam
1386 1533 1487 1590 ortum

422 1615 673 1696 pulcherrimum,
698 1616 729 1678 in
753 1635 817 1696 quo
841 1621 884 1680 tot
901 1621 986 1679 erant
1000 1617 1094 1679 flores
1110 1616 1290 1693 redolentes,
1314 1621 1358 1678 tot
1374 1617 1489 1679 tructus

421 1722 541 1782 suaues,
564 1708 609 1768 tot
632 1704 744 1768 diuicie
767 1709 796 1768 et
818 1706 933 1782 delicie,
958 1705 1043 1785 quod
1068 1705 1245 1769 delectabile
1268 1706 1325 1767 tuit
1348 1705 1389 1767 ibi
1414 1723 1489 1768 esse.

424 1795 517 1856 Hunc
555 1794 657 1857 locum
697 1813 856 1874 nunquam
892 1795 1014 1858 volebat
1048 1794 1209 1857 ostendere
1243 1795 1302 1856 nisi
1337 1794 1427 1856 fatuis
1461 1800 1490 1856 et

367 1901 408 1946 aio
424 1883 556 1946 inimicis
586 1883 658 1946 suis.
706 1885 742 1946 Et
771 1901 841 1946 cum
872 1888 973 1946 essent
1008 1883 1180 1960 introducti,
1215 1883 1358 1945 viderunt
1386 1887 1431 1945 tot
1461 1888 1490 1945 et

422 1976 502 2034 tanta
525 1972 645 2052 gaudia,
678 1973 764 2052 quod
788 1973 1025 2035 admirabantur.
1072 1972 1267 2048 Quesierunt,
1299 1971 1351 2034 vbi
1375 1977 1489 2049 essent,-

422 2078 605 2141 responsum
630 2065 675 2124 est
697 2062 748 2139 eis,
772 2061 857 2141 quod
883 2062 914 2123 in
939 2061 1098 2142 paradyso,

782 2309 857 2388 Cap.
884 2312 923 2372 ⁵³
950 2310 1008 2388 (or.
1034 2310 1122 2388 212.)

648 2427 691 2483 De
709 2445 773 2500 rege
791 2433 817 2484 et
835 2429 991 2486 senescalco
1010 2432 1036 2485 et
1055 2429 1143 2485 tribus
1161 2428 1265 2485 amicis,

511 2575 665 2652 Narratur,
689 2575 775 2654 quod
799 2575 925 2655 quidam
951 2577 1117 2656 imperator
1139 2575 1253 2638 nobilis
1269 2575 1375 2638 habuit
1393 2575 1488 2637 filiam

422 2663 558 2744 pulcram
583 2663 642 2726 sibi
666 2663 806 2742 similem,
830 2683 923 2744 quam
948 2665 1102 2727 commisit
1123 2665 1296 2727 senescalco
1311 2682 1370 2727 suo
1388 2669 1490 2727 custo

367 2752 568 2815 audiendam
603 2757 632 2814 et
670 2771 797 2833 peregre
835 2754 989 2834 protectus
1027 2757 1080 2816 est.
1138 2753 1283 2816 Promisit
1316 2754 1489 2816 senescalco

423 2861 570 2922 magnum
595 2841 755 2920 honorem,
780 2843 804 2906 si
822 2843 901 2905 bene
917 2862 983 2905 eam
1001 2843 1167 2906 custodiret
1181 2860 1278 2921 vsque
1300 2841 1340 2904 ad
1357 2842 1489 2904 reditum

422 2949 523 2994 suum.
561 2931 601 2994 nt
623 2931 673 2993 ille
697 2932 810 2995 oblitus
833 2937 878 2995 est
902 2937 1078 3012 preceptum
1101 2932 1221 2994 domini
1246 2931 1303 2994 sui.
1340 2931 1492 2993 Tractauit

422 3039 489 3083 eam
514 3021 600 3097 male,
626 3021 657 3082 in
681 3025 796 3083 tantum
814 3023 900 3101 quod
924 3021 1035 3084 misera
1056 3021 1133 3083 tacta
1156 3024 1200 3083 est
1216 3024 1245 3082 et
1259 3024 1352 3082 totam
1377 3020 1488 3099 pulcri-

422 3110 560 3172 tudinem
597 3110 703 3172 amisit.
763 3111 836 3173 Post
866 3111 1024 3173 modicum
1054 3114 1176 3189 tempus
1209 3109 1290 3171 misit
1323 3109 1491 3188 imperator

367 3216 408 3261 222
424 3200 554 3262 nuncios
592 3199 764 3262 senescalco
803 3217 860 3279 pro
898 3199 961 3262 iilia
999 3218 1054 3262 sua
1091 3199 1149 3262 sibi
1189 3197 1353 3260 reddenda.
1414 3198 1488 3260 Non

423 3288 563 3350 reddidit.
617 3287 754 3350 Tandem
791 3289 995 3368 peremptorie
1026 3293 1071 3350 est
1100 3288 1214 3350 citatus.
1266 3286 1396 3349 Vocauit
1428 3291 1490 3348 tres

421 3378 544 3453 amicos,
580 3377 610 3437 in
642 3377 756 3455 quibus
787 3377 969 3455 confidebat,
1012 3395 1116 3453 vnum,
1159 3393 1252 3456 quem
1295 3375 1365 3455 plus
1394 3393 1488 3453 quam

421 3483 454 3528 se
480 3465 616 3544 [dilexit],
640 3465 743 3542 alium,
768 3483 860 3544 quem
877 3471 994 3528 tantum
1018 3467 1096 3528 sicut
1118 3483 1151 3528 se
1175 3466 1285 3545 ipsum,
1309 3468 1339 3525 et
1360 3464 1488 3525 tercium

423 3555 594 3629 modicum,
630 3571 763 3632 querens
797 3554 836 3615 ab
871 3555 915 3617 eis
951 3555 1129 3630 consitium,
1164 3553 1326 3633 quomodo
1362 3569 1489 3632 respon-

367 3659 408 3705 222
424 3643 508 3704 deret
546 3643 576 3703 in
616 3647 779 3721 conspectu
819 3643 890 3704 tanti
930 3643 1058 3706 domini.
1115 3643 1199 3704 Dixit
1237 3642 1362 3721 primus,
1401 3641 1488 3720 quod

422 3731 546 3793 duceret
568 3748 638 3792 eum
663 3731 702 3791 ad
726 3731 839 3793 exitum
864 3732 987 3795 domus.
1033 3733 1117 3794 Alter
1139 3732 1221 3808 dixit,
1255 3730 1342 3809 quod
1365 3729 1490 3792 duceret

422 3839 493 3882 eum
524 3820 563 3881 ad
597 3825 724 3898 portam,
760 3824 788 3881 et
822 3821 934 3883 tercius
964 3821 1113 3900 promisit,
1146 3819 1232 3899 quod
1263 3837 1334 3880 eum
1366 3818 1491 3881 duceret

422 3914 490 3972 ante
528 3908 717 3988 dom[in]um
757 3911 786 3970 et
823 3927 880 3988 pro
920 3909 973 3972 illo
1012 3909 1219 3989 responderet
1275 3907 1381 3970 Statim
1420 3907 1490 3969 tecit

423 3999 555 4081 puellam
587 3997 681 4060 lauari
712 4001 741 4059 et
774 3998 916 4076 vngentis
946 3999 1071 4078 optimis
1103 3997 1211 4076 inungi
1243 4001 1272 4058 et
1302 3996 1489 4059 vestimentis

368 4089 569 4170 asopreeiosis
608 4086 703 4163 indui,
743 4087 782 4148 ita
819 4086 905 4166 quod
945 4087 1027 4149 nulla
1062 4085 1183 4166 penitus
1217 4085 1336 4146 macula
1371 4085 1402 4146 in
1438 4084 1491 4146 illa

422 4182 587 4259 appareret.
636 4177 670 4238 Et
692 4175 736 4237 sic
758 4175 870 4237 iactum
895 4179 947 4236 est.
