3584 4884
687 459 927 519 -115-

267 634 296 696 si
322 651 433 695 verum
465 633 625 695 dixerim.u
676 635 711 696 Et
737 635 781 697 sic
807 634 920 698 iactum
949 639 1002 698 est
1047 635 1225 699 Malefactor
1251 654 1339 700 oscu-

273 723 347 784 latus
383 727 429 784 est
464 741 545 800 eam,
585 741 689 785 coram
728 723 875 786 omnibus
911 724 1019 787 cecidit
1051 729 1080 787 et
1117 730 1259 788 mortuus
1287 730 1339 788 est

272 811 458 873 Allexander
492 812 549 874 hec
584 811 757 892 percipiens
791 813 971 892 magistrum
1001 831 1093 876 suum
1128 814 1209 877 miro
1243 814 1340 878 modo

273 900 423 976 laudabat,
449 900 501 979 qui
526 919 599 962 eum
615 919 633 962 a
649 906 747 962 morte
771 901 920 964 liberauit
957 901 1093 964 Puellam
1110 904 1198 965 matri
1214 904 1338 966 remisit

641 1095 716 1176 Cap.
744 1104 782 1158 12
809 1097 867 1175 (uz.
893 1097 967 1175 sn).

626 1216 669 1272 De
687 1216 826 1273 sacerdote
844 1219 871 1272 et
889 1217 990 1274 riuulo.

224 1367 248 1411 so
362 1347 435 1408 Erat
457 1345 585 1425 quidam
610 1345 783 1425 imperator,
809 1346 840 1408 in
864 1346 953 1408 cuius
976 1345 1106 1426 imperio
1129 1351 1192 1409 crat
1214 1346 1339 1426 quidam

272 1435 415 1499 sacerdos
439 1434 584 1512 lubricus
616 1435 669 1514 qui
694 1453 750 1515 per
773 1434 833 1497 hoc
855 1435 996 1497 subditos
1019 1435 1202 1498 multociens
1224 1440 1340 1516 pertur-

273 1525 364 1602 bauit,
395 1529 427 1587 et
457 1542 513 1603 per
544 1524 605 1587 hoc
636 1523 829 1586 scandalizati
860 1524 992 1585 multum
1023 1528 1115 1585 erant
1162 1525 1232 1586 Erat
1261 1543 1341 1588 vnus

273 1613 496 1694 parochialium
520 1630 660 1689 suorum,
693 1613 747 1692 qui
772 1629 931 1690 nunquam
963 1613 1107 1676 interesse
1129 1614 1227 1676 voluit
1249 1615 1341 1677 misse

273 1703 378 1784 ipsius,
411 1701 489 1764 dum
513 1701 686 1764 celebrauit
732 1701 850 1763 Accidit
872 1701 1009 1780 quodam
1038 1702 1088 1764 die
1111 1702 1230 1780 lestiu0,
1253 1703 1339 1783 quod

225 1811 249 1854 ai
273 1797 413 1872 tempore
444 1791 537 1854 misse
567 1791 633 1853 eius
656 1790 742 1852 solus
774 1789 805 1852 in
829 1808 940 1870 campo
970 1791 1180 1854 deambularet
1205 1797 1233 1854 et
1261 1793 1340 1855 miro

273 1881 370 1944 modo
405 1879 540 1956 siciebat,
576 1879 607 1941 in
638 1883 754 1941 tantum
789 1879 875 1958 quod
906 1879 1067 1942 videbatur
1096 1880 1124 1941 ei
1158 1881 1247 1958 mori,
1281 1882 1340 1944 nisi

273 1973 377 2050 posset
399 1969 482 2031 sitim
507 1968 693 2048 extinguere.
733 1967 859 2045 Accidit,
883 1968 959 2030 dum
982 1968 1174 2044 ambulasset,
1198 1969 1280 2032 venit
1301 1969 1340 2032 ad

273 2058 431 2139 quendam
448 2057 585 2120 riuulum
603 2057 760 2137 purissimi
776 2057 879 2120 tontis.
912 2057 987 2130 Quo
1003 2057 1070 2120 viso
1093 2057 1206 2136 incepit
1221 2059 1341 2120 haurire

274 2153 302 2211 et
323 2148 444 2211 fortiter
465 2147 582 2209 bibere.
621 2145 682 2209 Sed
698 2163 769 2209 cum
787 2146 856 2226 plus
878 2150 1028 2225 gustasset
1050 2151 1080 2208 et
1101 2145 1234 2223 bibisset,
1258 2151 1341 2209 tanto

225 2256 252 2301 a]
275 2237 438 2300 ardencius
460 2235 593 2299 siciebat
640 2236 720 2297 lntra
742 2253 775 2297 se
797 2234 1005 2297 admirabatur
1027 2239 1057 2296 et
1078 2234 1166 2296 dixit:
1193 2236 1340 2299 „Fontem

277 2326 368 2389 huius
407 2324 499 2386 riuuli
539 2341 668 2402 querere
705 2323 816 2386 volo!a
882 2323 967 2386 Dum
1005 2329 1105 2386 autem
1144 2324 1341 2400 ambulasset,

143 2469 148 2480 .
276 2414 423 2479 obuiabat
438 2413 465 2475 ei
482 2412 608 2492 quidam
625 2430 718 2475 senex
738 2412 864 2492 pulcher
879 2412 969 2474 valde
984 2416 1013 2474 ct
1026 2413 1066 2474 ait
1081 2413 1121 2475 ei:
1148 2413 1341 2490 „Karissime

276 2523 339 2583 quo
370 2503 514 2565 tendis?¹‘
564 2501 628 2575 Qui
658 2501 712 2563 ait:
750 2501 853 2566 „Vltra
884 2519 977 2579 quam
1012 2502 1094 2563 credi
1129 2505 1229 2581 potest
1257 2502 1341 2565 sicio.

146 2605 151 2616 ·
278 2592 383 2655 inueni
408 2609 505 2653 vnum
535 2590 671 2652 riuulum
694 2608 782 2669 aque,
816 2590 855 2652 de
878 2608 944 2669 quo
967 2590 1051 2667 bibo,
1082 2595 1111 2654 et
1133 2595 1249 2670 quanto
1273 2591 1343 2671 plus

228 2699 252 2744 as
276 2681 360 2758 bib0,
383 2684 469 2742 tanto
491 2679 625 2759 amplius
647 2679 735 2742 siclo.
780 2678 853 2741 ldeo
876 2679 994 2741 fontem
1015 2679 1097 2743 illius
1120 2680 1211 2742 riuuli
1235 2698 1342 2759 quer0,

276 2775 308 2832 ut
330 2770 371 2854 de
394 2769 480 2831 fonte
503 2768 617 2845 bibam,
641 2768 666 2830 si
683 2768 764 2830 sitim
781 2768 959 2847 extinguere
982 2769 1127 2848 possim.¹‘
1164 2769 1215 2831 hit
1236 2787 1341 2832 senex:

278 2861 377 2924 „Ecce
400 2858 451 2920 hic
474 2861 519 2920 est
541 2856 620 2934 fons,
644 2856 684 2920 de
708 2874 772 2936 quo
796 2857 917 2920 riuulus
940 2857 990 2920 ille
1013 2858 1164 2938 procedit!
1209 2857 1270 2921 Sed
1293 2857 1343 2920 dic

276 2948 378 3025 michi,
411 2964 506 3026 quare
534 2963 604 3008 cunr
633 2945 700 3008 aliis
723 2945 893 3008 christianis
923 2947 963 3009 ad
986 2946 1175 3009 audiendum
1199 2947 1341 3008 diuinum

274 3037 417 3100 officium
448 3033 605 3098 ecclesiam
637 3053 700 3096 non
732 3034 882 3097 intrastil‘¹
932 3035 997 3109 Qui
1029 3035 1199 3115 respondit:
1237 3036 1342 3111 ruere,

226 3147 249 3190 ro
274 3126 413 3202 domine,
437 3124 511 3203 quia
533 3123 675 3186 sacerdos
692 3127 796 3186 noster
810 3124 1010 3187 execrabilem
1026 3124 1111 3187 ducit
1131 3125 1232 3200 vitam,
1255 3125 1341 3203 quod

275 3217 380 3296 ipsum
405 3231 469 3276 non
493 3212 586 3276 credo
611 3212 744 3275 mundas
768 3213 876 3276 missas
891 3218 921 3275 et
935 3213 996 3276 deo
1019 3213 1142 3293 placitas
1160 3213 1339 3276 celebrare.u

274 3304 323 3366 nd
349 3321 444 3382 quem
468 3320 573 3364 senex:
609 3300 660 3369 „si
685 3319 760 3381 crgo
784 3307 816 3364 tu
840 3302 919 3379 sicis,
943 3306 975 3364 vt
997 3301 1081 3378 dicis,
1110 3320 1178 3364 ecce
1200 3301 1280 3378 lons,
1303 3302 1343 3364 de

275 3410 341 3473 quo
365 3397 426 3453 tam
451 3390 550 3454 dulcis
573 3409 654 3470 aqua
677 3391 769 3453 riuuli
794 3390 939 3471 procedit,
963 3391 1003 3453 de
1026 3409 1087 3471 qua
1110 3390 1247 3453 bibisti!u
1271 3391 1342 3456 Res

275 3481 360 3562 pexit
372 3480 423 3542 ille
435 3479 605 3558 vidensque
617 3498 723 3542 canem
740 3479 956 3542 fetidissimum
969 3480 1131 3542 habentem
1144 3497 1180 3542 os
1195 3484 1342 3559 apertum,

224 3589 249 3634 45
275 3589 331 3651 per
362 3569 451 3632 cuius
480 3587 517 3632 os
547 3573 576 3632 et
605 3569 713 3631 dentes
743 3569 842 3631 tocius
871 3567 967 3630 fontis
999 3568 1152 3646 scaturigo
1184 3569 1344 3631 emanabat

276 3658 464 3722 mirabiliter.
511 3657 607 3732 Quod
631 3657 708 3719 dum
733 3657 785 3719 ille
808 3656 1013 3736 perspicacius
1035 3657 1219 3735 agnouisset,
1243 3663 1344 3720 mente

202 3775 205 3781 ¹
275 3747 427 3812 confusus
443 3747 577 3827 expauit;
601 3750 665 3809 toto
682 3763 812 3826 corpore
828 3745 1060 3826 pertremiscens
1075 3749 1201 3825 propter
1215 3746 1342 3809 fetorem

276 3855 341 3900 non
365 3836 499 3899 audebat
525 3839 646 3915 gustare
669 3839 699 3898 et
722 3835 802 3897 miro
826 3835 924 3897 modo
945 3834 1078 3897 siciebat.
1124 3833 1228 3906 Quem
1251 3852 1344 3898 senex

276 3927 401 3988 intuens
423 3925 465 3986 ait
487 3924 546 3986 illi:
580 3924 673 3989 „Noli
696 3924 811 4001 timere,
835 3923 909 4002 quia
931 3923 1039 4002 potasti
1063 3922 1102 3984 de
1125 3922 1228 3985 riuulo
1251 3922 1344 3986 huius

224 4035 248 4078 so
276 4015 386 4078 tontis!
434 4013 559 4076 Nullam
583 4013 666 4075 enim
692 4013 862 4075 molestiam
894 4012 949 4073 tibi
977 4011 1164 4089 generabit.a
1214 4011 1265 4073 llle
1288 4011 1345 4074 hec

274 4103 407 4166 audiens
429 4101 571 4182 gustauit,
606 4101 687 4164 sitim
717 4101 866 4180 extinguit
892 4103 922 4161 et
947 4100 999 4162 ait:
1038 4100 1088 4163 „0
1118 4099 1252 4175 domine,
1283 4104 1342 4161 tam

275 4193 398 4256 dulcem
422 4209 536 4271 aquam
561 4207 721 4269 nunquam
746 4190 824 4252 bibit
847 4190 975 4252 homo.u
1023 4187 1088 4260 Qui
1111 4187 1163 4248 ait:
1196 4188 1255 4266 (Βὶ.
1280 4190 1343 4266 όν.)

1185 4306 1219 4357 8⁸
