3584 4884
823 444 1068 500 -204—

411 613 451 677 ad
466 618 602 678 vestrum
626 618 804 697 preceptum
827 614 922 679 silens
945 614 1084 679 efficitur.
1121 616 1170 692 fta,
1194 616 1219 679 si
1236 615 1355 679 bonum
1372 616 1480 680 vinum

412 703 452 767 de
475 703 586 768 Sancto
610 703 763 782 Procinto,
787 704 834 767 vei
856 703 1044 785 Andegavia
1067 704 1115 768 vel
1139 704 1178 767 de
1194 704 1419 784 Autissiodoro,
1443 707 1481 769 sit

412 792 564 856 inmensa
575 811 642 855 mea
657 796 688 856 et
698 792 788 856 vellet
804 792 878 855 mihi
894 792 1012 873 aliquid
1030 792 1145 856 malum
1159 793 1265 871 facere,
1284 794 1382 857 statim
1399 812 1479 874 aqua

357 899 386 945 eo
412 881 598 959 contradicit,
622 881 730 961 quein
748 886 907 945 momento
919 881 1095 945 violentiam
1112 882 1179 962 ejus
1194 888 1298 963 posset
1313 882 1479 947 destruere.

502 970 674 1051 Episcopus
701 970 890 1035 Ouillelmus
921 970 1109 1047 Parisiensis‚
1145 971 1246 1034 sciens
1270 971 1386 1035 Fratres
1409 972 1480 1035 Pre-

412 1059 562 1123 dicatores
597 1059 777 1123 Parisiensis
814 1059 926 1123 debitis
960 1058 1126 1139 obligatos,
1165 1077 1227 1140 que
1261 1060 1381 1123 solvere
1415 1079 1479 1125 non

412 1152 559 1229 poterant,
582 1147 657 1211 adiit
679 1148 817 1228 reginam
843 1148 997 1226 biancam,
1025 1148 1114 1227 cuius
1136 1152 1199 1211 erat
1221 1148 1388 1228 confessor,
1419 1168 1480 1230 que

411 1236 545 1301 debebat
566 1237 753 1318 peregrinari
775 1236 816 1299 ad
838 1237 983 1301 Sanctum
997 1238 1145 1317 Jacobum
1159 1242 1189 1300 et
1211 1242 1366 1318 paraverat
1388 1238 1479 1301 mira-

356 1341 385 1389 ιθ
412 1325 490 1389 biles
512 1343 669 1407 expensas,
692 1329 723 1389 et
745 1326 829 1407 petiit
850 1327 890 1389 ab
914 1345 949 1390 ea
964 1326 990 1389 si
1013 1326 1119 1390 omnia
1142 1330 1244 1390 essent
1265 1330 1375 1407 parata.
1407 1327 1479 1401 Que

411 1414 571 1495 respondit
592 1415 678 1496 quod
701 1414 753 1479 sic
791 1414 880 1479 Tunc
902 1415 943 1478 ait
965 1415 1028 1478 itte:
1053 1414 1198 1493 Domina,
1222 1432 1278 1478 vos
1299 1416 1361 1495 jam
1385 1417 1480 1479 multa

412 1502 558 1567 inutiliter
580 1508 707 1585 propter
730 1503 839 1567 mundi
862 1504 994 1584 gloriam
1018 1504 1213 1584 expendistis,
1238 1509 1267 1567 et
1289 1508 1322 1567 ut
1344 1509 1478 1569 vostram

413 1592 671 1673 magnificentiam
695 1593 727 1655 in
750 1596 849 1657 vestra
871 1597 957 1670 terra,
981 1592 1020 1655 dc
1036 1610 1097 1673 qua
1120 1593 1191 1657 estis
1207 1596 1280 1669 orta,
1304 1594 1477 1671 ostendatis,

412 1699 473 1761 que
496 1682 595 1746 multo
619 1682 730 1746 melius
745 1686 870 1763 possent
885 1681 1027 1762 expendi.
1066 1681 1164 1760 Certe,
1188 1681 1265 1744 dixit
1280 1681 1353 1763 ipsa,
1378 1688 1479 1763 parata

357 1787 385 1833 ω
411 1788 481 1834 sum
512 1772 704 1853 acquiescere
734 1771 864 1835 consitio
893 1774 1003 1835 vestro.
1050 1772 1086 1833 Et
1108 1771 1221 1851 inquit:
1254 1770 1345 1834 Dabo
1368 1789 1478 1834 sanum

412 1860 584 1938 consilium,
608 1865 638 1925 et
659 1860 767 1940 obligo
790 1878 841 1923 me
863 1860 894 1923 in
918 1859 1035 1940 Judicio
1055 1877 1112 1940 pro
1128 1860 1219 1924 vobis
1234 1877 1337 1923 coram
1353 1878 1478 1924 summo

411 1948 514 2028 judice
538 1968 770 2031 responsurum.
809 1950 892 2027 Ecce,
917 1949 1024 2030 inquit,
1050 1950 1167 2012 Fratres
1184 1948 1400 2028 Predicatores,
1424 1950 1478 2029 qui

412 2043 561 2101 vocantur
583 2039 690 2102 iratres
711 2038 811 2103 Sancti
832 2038 945 2119 Jacobi,
976 2038 1102 2118 obligati
1126 2038 1252 2101 suntin
1282 2038 1364 2101 mille
1388 2038 1478 2118 quin-

412 2128 513 2206 gentis
543 2128 630 2191 fibris
663 2128 711 2191 vel
742 2128 829 2192 circa.
876 2127 1039 2207 Accipiatis
1070 2145 1174 2207 peram
1205 2131 1234 2190 ef
1263 2126 1416 2205 baculum,
1450 2132 1480 2189 et

357 2232 385 2277 us
412 2216 485 2278 eatis
507 2216 547 2279 ad
571 2216 714 2280 Sanctum
735 2216 892 2296 Jacobum,
924 2216 955 2278 id
979 2216 1084 2279 estad
1108 2215 1238 2279 domum
1269 2215 1417 2299 ipsorum,
1450 2221 1480 2278 et

411 2304 536 2369 solvatis
569 2324 678 2369 eorum
714 2306 862 2383 debitum,
893 2310 923 2368 et
954 2323 1013 2384 ego
1047 2305 1092 2368 sic
1125 2308 1212 2367 muto
1246 2304 1337 2368 vobis
1371 2309 1477 2368 votum

412 2397 555 2472 vestrum,
585 2398 615 2456 et
644 2395 790 2474 promitto
813 2412 907 2474 super
937 2394 997 2457 hoc
1028 2393 1214 2474 respondere
1244 2411 1302 2474 pro
1326 2394 1416 2457 vobis
1438 2393 1477 2456 ad

410 2481 569 2561 iudicium,
593 2482 680 2562 quod
697 2482 808 2545 melius
822 2482 919 2545 facitis
938 2483 1041 2562 [quam
1058 2482 1167 2563 facere]
1186 2486 1302 2545 tanturn
1319 2500 1477 2545 excessum

412 2574 441 2633 et
463 2571 576 2635 habere
591 2575 650 2633 tam
668 2571 861 2651 superfluum
875 2575 1137 2651 apparamentum.
1177 2571 1249 2645 Que
1264 2572 1342 2635 sicut
1357 2572 1478 2651 sapiens

357 2676 386 2722 oo
412 2660 524 2723 mulier
545 2660 695 2741 acquievit
717 2660 848 2724 consilio
870 2660 965 2723 sancti
988 2660 1075 2722 viri.a

800 2811 829 2868 2.
870 2802 924 2885 [ε
948 2802 978 2867 s.
1003 2803 1087 2885 244]

502 2929 673 3011 Episcopus
718 2929 844 3010 quidam
883 2927 1095 3006 Carnotensis,
1140 2946 1158 2989 a
1202 2944 1266 3007 quo
1304 2926 1389 3007 petiit
1425 2944 1477 2989 rex

413 3019 583 3101 Phiiippus,
607 3020 660 3099 qui
677 3024 740 3082 erat
754 3019 821 3098 ejus
836 3022 992 3098 cognatus,
1016 3018 1146 3097 primam
1171 3015 1360 3096 prebendam
1384 3033 1476 3095 quam

411 3108 504 3186 daret,
528 3109 556 3171 ei
579 3109 714 3188 benigne
736 3108 844 3171 annuit
858 3113 888 3170 et
902 3106 1059 3171 concessit.
1099 3106 1227 3168 Etcum
1251 3109 1322 3185 post
1344 3109 1478 3167 vacasset

412 3216 469 3261 nec
492 3198 556 3278 regi
579 3198 777 3276 satisfecisset,
809 3196 974 3277 increpavit
1004 3214 1059 3276 per
1086 3194 1197 3257 litteras
1224 3212 1296 3256 eum
1325 3193 1364 3256 de
1392 3210 1477 3255 merr-

357 3305 386 3351 os
412 3287 509 3365 dacio,
544 3286 617 3368 quia
650 3286 781 3366 primam
816 3304 908 3365 quam
941 3284 1075 3347 dedisset
1112 3284 1186 3362 [non
1218 3282 1386 3361 babueratl,
1421 3300 1478 3345 nec

412 3394 505 3455 quam
530 3375 615 3438 daret
636 3375 776 3439 habebat
822 3375 886 3449 Qui
911 3374 1070 3455 respondit
1092 3390 1125 3435 se
1154 3371 1308 3435 veritatem
1332 3386 1476 3448 servasse,

412 3465 486 3544 quia
501 3464 559 3545 ipsi
575 3482 639 3527 non
656 3464 748 3527 dabat
763 3464 817 3528 sed
833 3463 992 3527 vendebat
1032 3464 1068 3525 Et
1083 3462 1122 3524 ita
1144 3465 1207 3524 erat
1229 3460 1261 3523 in
1282 3460 1325 3523 rei
1346 3459 1477 3523 veritate.

807 3610 836 3669 a
878 3606 932 3687 [ε
957 3604 986 3669 s.
1012 3604 1073 3684 sc]

502 3732 583 3808 item,
599 3730 780 3793 imminente
795 3735 902 3808 morte,
913 3730 983 3793 fecit
997 3728 1192 3809 [Salebadim]
1204 3726 1305 3791 afferri
1318 3726 1475 3790 sudarium

412 3838 512 3898 suum,
536 3824 605 3883 eta
631 3823 765 3899 quatuor
787 3820 935 3883 militibus
958 3837 1013 3900 per
1035 3822 1168 3898 quatuor
1191 3817 1309 3879 lanceas
1332 3814 1403 3878 fecit
1424 3814 1477 3877 de·

358 3930 385 3975 vo
412 3910 526 3992 portari
554 3927 609 3991 per
630 3908 716 3972 vicos
739 3909 872 3988 civitatis,
899 3908 1083 3972 dicentibus:
1114 3906 1296 3982 Salebadim,
1329 3904 1477 3967 dominus

412 4000 577 4065 duodecim
601 4014 778 4078 regnorum,
802 4016 866 4061 non
891 3998 961 4078 plus
984 3999 1083 4077 portat
1105 3995 1144 4059 de
1167 3993 1295 4057 mundo.

501 4088 655 4153 Soldanus
689 4087 863 4151 Salebadim
903 4086 933 4148 in
966 4089 1071 4163 morte,
1111 4088 1144 4147 ut
1173 4082 1291 4159 dicitur,
1323 4080 1478 4144 mandavit

411 4195 470 4257 pro
486 4178 606 4240 meliori
622 4176 795 4252 christiano,
819 4192 877 4255 pro
901 4174 1020 4236 meliori
1033 4172 1141 4251 Judeo,
1165 4190 1222 4251 pro
1239 4170 1358 4232 meliori
1375 4168 1477 4233 Sarra·
