3584 4884
852 470 1095 529 -192-

387 660 431 707 su
444 647 475 705 et
488 641 602 705 vaula:
628 640 689 719 .Si,
703 642 773 706 viro
786 641 951 723 incipiente
965 640 1111 720 dormire,
1130 642 1289 722 potueritis
1304 661 1374 706 cum
1391 644 1512 708 rasorio

442 734 602 812 amputare
622 736 685 795 tres
706 732 788 812 pilos
801 730 842 794 de
861 730 959 795 barba
979 730 1055 811 eius,
1079 736 1108 793 et
1130 731 1157 794 ei
1181 731 1343 795 comedere
1366 731 1514 797 dederitis

442 819 632 897 combustos,
653 825 728 884 tunc
748 820 816 901 ipse
829 818 870 883 de
891 824 993 883 cetero
1016 819 1141 883 habebit
1156 838 1222 883 eam
1247 838 1381 898 exosam,
1404 824 1435 884 et
1452 838 1513 885 vos

442 908 550 989 diliget
578 909 649 990 ptus
677 927 771 989 quam
802 908 917 990 prius·
966 907 1048 972 Cum
1071 912 1171 972 autem
1196 909 1296 973 iliaci
1321 910 1515 990 promisisset

443 998 531 1077 quod
561 996 622 1061 boc
651 1004 741 1062 nocte
769 997 909 1079 sequenti
939 996 1057 1076 taceret,
1087 998 1171 1061 venit
1200 998 1302 1061 vetula
1330 998 1369 1062 ad
1400 999 1512 1077 virum,

388 1104 431 1151 ero
444 1086 552 1151 diceus
584 1086 672 1166 quod
704 1086 862 1151 audiverat
894 1085 1010 1149 dictum
1042 1086 1185 1150 clericum
1219 1092 1249 1151 et
1282 1105 1410 1153 uxorem
1446 1088 1515 1168 eius

444 1175 629 1257 protoqutos
656 1175 753 1240 tuisse
775 1180 906 1239 mortem
929 1193 1030 1253 suam;
1060 1180 1089 1239 et
1115 1174 1192 1239 dixit
1219 1176 1315 1256 quod,
1345 1176 1371 1240 si
1395 1176 1422 1241 ei
1447 1194 1513 1241 non

443 1264 587 1341 mederet,
617 1264 720 1345 ipsum
742 1268 859 1329 certum
882 1264 1031 1343 redderet,
1060 1270 1091 1328 et
1113 1268 1243 1329 mortem
1267 1266 1379 1329 vitaret.
1427 1265 1515 1329 Dixit

443 1370 520 1433 ergo
541 1353 570 1416 ei
592 1353 681 1434 quod
704 1371 784 1417 uxor
804 1372 862 1417 sua
882 1353 974 1417 veltet
1000 1372 1071 1417 eum
1095 1354 1135 1417 de
1162 1354 1293 1418 consilio
1316 1353 1387 1418 dicti
1411 1355 1514 1418 clerici

442 1442 584 1523 jugulare
598 1446 688 1506 nocte
701 1442 841 1523 sequenti
856 1460 928 1506 cum
952 1442 1078 1521 rasorio,
1101 1447 1130 1505 et
1145 1443 1231 1523 quod
1254 1461 1326 1507 eum
1351 1444 1516 1509 inebriaret

388 1530 472 1595 essi
495 1536 612 1612 possen
634 1531 722 1611 quod
745 1531 812 1612 ipse
833 1531 893 1595 sibi
916 1536 1035 1595 caveret
1055 1550 1074 1594 a
1097 1532 1194 1596 nimio
1218 1536 1293 1613 potu
1317 1536 1347 1595 et
1368 1550 1513 1614 sompno,

443 1619 500 1685 sed
523 1620 655 1701 tingeret
674 1638 709 1684 se
730 1620 850 1685 fortiter
870 1619 1084 1699 dormientem,
1114 1625 1152 1698 et,
1182 1638 1253 1684 cum
1277 1620 1401 1685 sentiret
1423 1622 1511 1702 quod

444 1726 526 1773 uxor
545 1726 604 1773 sua
623 1714 731 1789 guttur
750 1708 819 1789 ejus
839 1709 971 1787 sentiret,
1000 1710 1146 1791 arriperet
1176 1728 1319 1790 pugnum
1347 1710 1413 1790 eius
1441 1728 1512 1774 cum

445 1798 565 1863 rasorio
578 1803 608 1862 et
621 1798 764 1862 excitaret
785 1798 931 1861 familiam
954 1816 1042 1861 suam
1058 1802 1088 1861 et
1103 1799 1207 1879 ignem
1223 1798 1334 1862 iaceret
1356 1800 1512 1878 succendi,

445 1892 480 1950 ut
493 1904 604 1951 omncs
617 1886 758 1951 viderent
771 1886 995 1968 prodicionem.
1033 1886 1115 1951 Cum
1131 1892 1233 1951 autem
1250 1888 1301 1951 ille
1317 1888 1377 1951 hoc
1392 1888 1512 1952 iecisset

388 1994 432 2041 ο)
446 1980 481 2039 ut
501 1976 603 2039 veneta
623 1975 778 2054 docuerat,
801 1976 834 2039 in
849 1994 941 2039 mane
954 1976 1134 2040 convocavit
1149 1977 1267 2040 amicos
1281 1993 1356 2041 suos
1371 1981 1401 2040 et
1415 1994 1513 2041 sacer-

443 2065 549 2129 dotem
571 2083 665 2129 suum
687 2070 719 2129 et
738 2065 856 2129 amicos
870 2065 985 2144 uxoris,
1008 2082 1074 2128 cam
1098 2065 1138 2129 de
1162 2065 1344 2146 prodicione
1359 2066 1409 2128 tali
1424 2083 1513 2129 accu-

443 2170 516 2218 sans
527 2158 558 2217 et
567 2154 756 2219 convincens
770 2153 964 2219 ostendendo
980 2154 1140 2218 rasorium.
1164 2154 1246 2218 Cum
1257 2158 1359 2218 autem
1373 2159 1512 2217 matrona

444 2260 500 2324 pre
521 2242 707 2307 verecundia
728 2248 845 2321 arceret,
871 2243 992 2307 vocavit
1018 2260 1084 2307 cam
1099 2242 1259 2322 sacerdos,
1290 2243 1450 2323 inquirens
1471 2244 1512 2307 ab

444 2349 480 2394 ca
509 2331 665 2395 veribtem
697 2332 793 2411 buius
821 2332 900 2409 iacti,
934 2332 1073 2396 similiter
1101 2336 1132 2395 et
1161 2332 1261 2395 virum
1268 2352 1276 2410 ;
1308 2336 1414 2413 postea
1443 2332 1513 2397 tecit

388 2419 549 2483 wvocan
571 2420 713 2497 vetrrlam,
743 2438 807 2500 que
827 2421 989 2501 compulsa
1010 2425 1056 2485 est
1077 2421 1180 2485 dicere
1201 2421 1366 2485 veritatem.
1415 2422 1452 2487 Et
1473 2421 1514 2485 ita

444 2512 526 2589 patet
547 2508 635 2587 quod
657 2509 764 2589 lingua
779 2507 915 2571 humana
929 2509 1098 2589 aliquando
1121 2511 1193 2591 plus
1216 2515 1315 2592 potest
1337 2510 1369 2573 in
1393 2510 1512 2574 malicia

443 2614 539 2677 quam
560 2596 782 2678 dyabolica...

820 2746 872 2804 23.
920 2739 1137 2821 1=s.239.]

534 2864 575 2930 Se
596 2864 777 2946 peccatrices
798 2864 960 2928 ostendere
981 2864 1029 2928 vet
1056 2882 1203 2945 apparere
1231 2883 1295 2929 non
1319 2865 1512 2929 erubescunt.

446 2954 532 3020 Sicut
564 2955 647 3018 enim
679 2958 835 3035 serpentes
863 2958 894 3017 et
922 2953 1083 3031 dracones,
1116 2958 1232 3033 quanto
1261 2958 1334 3017 sunt
1367 2954 1511 3031 rufiores,

390 3063 434 3109 rto
447 3048 531 3108 tanto
564 3044 789 3121 vencnaciores,
826 3043 871 3107 sic
905 3042 1056 3121 mulieres,
1093 3047 1210 3123 quanto
1244 3047 1316 3106 sunt
1349 3043 1380 3106 in
1416 3042 1512 3124 capite

446 3132 587 3211 tutiores,
609 3138 694 3197 burto
715 3133 860 3196 videntur
880 3150 948 3195 esse
970 3133 1097 3195 interius
1118 3132 1344 3198 venenariores.
1380 3132 1435 3195 Fui
1451 3150 1513 3211 ego

448 3221 492 3301 [in
514 3221 650 3301 quadarn
676 3222 760 3302 vitta]
790 3221 846 3285 ubi
875 3221 960 3283 nulla
989 3221 1056 3285 tatis
1086 3221 1196 3285 mulier
1225 3220 1359 3284 audebat
1387 3221 1511 3298 intrare,

444 3310 589 3374 sacerdos
611 3312 704 3388 enim,
730 3311 842 3374 timens
864 3310 949 3373 infici
972 3310 1163 3391 parrochiam
1187 3328 1275 3373 suam
1299 3310 1360 3373 hoc
1381 3326 1511 3387 veneno,

446 3400 628 3462 instruxerat
660 3416 775 3480 pueros
808 3399 848 3461 ita
881 3399 977 3478 quod,
1014 3399 1164 3479 quociens
1197 3398 1308 3462 mulier
1342 3398 1512 3461 meretricio

390 3505 433 3553 sta
448 3486 553 3551 babitu
576 3493 683 3551 ornata
705 3492 735 3550 et
756 3492 892 3551 croceata
907 3488 940 3550 in
963 3487 1123 3568 parrochia
1145 3492 1206 3551 tota
1227 3487 1400 3569 apparebat,
1424 3487 1511 3568 pueri

445 3575 618 3639 clamabant
646 3581 717 3657 post
744 3594 826 3640 eam:
863 3576 1049 3657 ‚egredere
1082 3578 1220 3653 rossette,
1255 3595 1325 3641 cum
1357 3592 1513 3641 venenosa

445 3664 647 3835 giselam&
668 3664 863 3746 projicientes
889 3671 960 3747 post
986 3665 1168 3747 hujusmodi
1190 3666 1269 3745 vilia,
1300 3682 1351 3729 eas
1373 3664 1511 3745 fugando

822 3905 874 3960 24.
922 3896 1139 3978 1=s.245.]

537 4022 610 4085 item
644 4020 780 4102 quidam,
814 4022 923 4085 votens
953 4022 1124 4102 vituperare
1152 4020 1256 4099 alium,
1290 4021 1343 4084 ait:
1382 4020 1448 4087 „Tu
1478 4036 1511 4083 es

391 4128 434 4175 eso
449 4116 540 4191 caput
560 4111 683 4191 generis
704 4110 777 4173 tui·
810 4110 871 4173 Cui
895 4111 958 4172 ille:
985 4111 1042 4175 „Er
1063 4114 1094 4172 tu
1119 4128 1151 4173 es
1174 4110 1271 4174 cauda
1292 4110 1415 4189 generis
1436 4108 1509 4171 tutu

447 4200 530 4277 item,
559 4218 631 4263 curn
654 4199 781 4279 quidam
803 4198 844 4261 de
866 4198 963 4261 nobiti
994 4215 1109 4276 genere
1131 4199 1259 4261 interior
1280 4200 1422 4275 maneret,
1454 4197 1511 4259 im-
