3584 4884
717 427 960 482 —lOl—

301 595 485 659 effluctuans
508 596 632 676 gaudi0,
657 614 782 677 sperans
805 595 890 676 quod
921 597 1037 677 perdita
1061 616 1238 679 recuperare
1261 603 1372 679 posset,

302 685 505 764 pollicebatur
521 685 580 748 illis
592 685 684 747 vitam
697 690 727 748 et
737 686 863 766 gratiam
874 704 972 762 suam,
987 687 1013 750 si
1026 687 1141 750 crimen
1154 687 1373 750 confiterentur

303 772 529 853 redderentque
563 775 731 837 thesauros.
790 775 912 837 iuvenis
945 780 1046 838 autern
1082 776 1132 839 ille
1161 795 1199 839 ex
1229 781 1312 839 metu
1344 782 1374 840 et

303 862 480 924 necessitate
502 862 661 925 audaciam
685 880 824 926 sumens:
855 864 930 926 Non
953 864 1033 942 ideo,
1060 865 1108 942 ait
1137 883 1157 928 o
1180 865 1374 928 serenissime

248 967 288 1013 ns
304 969 366 1028 rex,
398 968 459 1030 ego
482 955 534 1014 aut
556 951 626 1029 mei,
657 952 730 1031 quia
761 952 810 1014 hic
840 953 934 1014 miser
963 957 1090 1016 truncus
1111 953 1151 1015 ad
1175 971 1233 1017 nos
1255 953 1373 1034 aliquid

303 1040 472 1119 pertineat,
492 1041 631 1104 lacrimas
661 1041 859 1118 effundimus,
891 1041 945 1104 sed
969 1042 1042 1121 quia
1072 1042 1129 1105 hec
1151 1042 1217 1105 dies
1240 1043 1374 1106 nefastus

303 1129 398 1192 michi
422 1129 543 1192 sinistre
566 1147 676 1192 manus
692 1129 834 1210 pollicem
851 1130 982 1193 abstulit
1014 1130 1068 1194 Ob
1084 1131 1144 1195 hoc
1159 1149 1234 1210 ergo
1250 1131 1373 1194 lacrime

303 1217 411 1294 effuse,
436 1221 554 1280 exarate
577 1217 678 1296 facies,
703 1218 801 1298 capilli
825 1219 932 1297 evulsi,
956 1219 1028 1298 quia
1048 1237 1108 1300 ego
1130 1218 1232 1282 adhuc
1255 1219 1374 1283 iuvenis

302 1305 398 1369 hodie
430 1307 491 1368 heu
522 1325 587 1369 uno
612 1312 641 1370 et
668 1307 779 1388 potiori
809 1308 950 1370 membro
981 1309 1154 1372 debilitatus
1184 1327 1263 1373 sum.
1311 1309 1374 1377 Rex

250 1413 289 1457 151
303 1413 380 1458 vero
404 1395 548 1476 pollicem
572 1393 674 1460 adhuc
689 1395 834 1459 fluentem
851 1397 1003 1477 sanguine
1018 1397 1220 1461 certissimum
1243 1397 1374 1461 veritatis

302 1488 521 1564 argumentum
546 1485 613 1548 fore
636 1489 726 1562 ratus,
757 1489 860 1549 molus
890 1486 1100 1550 misericordia
1129 1504 1223 1567 super
1253 1487 1375 1550 fortuna

303 1573 441 1636 iuvenis:
473 1574 546 1637 Non
571 1577 623 1652 est,
653 1575 700 1652 ait,
731 1573 853 1652 mirum,
884 1575 911 1638 si
934 1575 1025 1653 dolet,
1053 1576 1102 1638 cui
1126 1574 1205 1637 male
1235 1575 1373 1655 contigit;

303 1661 382 1725 vade
415 1663 446 1724 in
483 1681 557 1742 pace
587 1667 616 1724 et
650 1663 733 1726 hunc
766 1662 849 1725 diem
885 1663 964 1726 male
997 1665 1166 1727 ominatum
1201 1664 1241 1726 de
1274 1669 1374 1727 cetero

304 1755 477 1830 precaveto.
512 1751 562 1815 Sic
584 1769 659 1831 ergo
683 1751 733 1815 ille
756 1752 864 1814 astutia
886 1770 942 1816 sua
965 1770 998 1816 se
1020 1771 1157 1833 suosque
1180 1753 1312 1816 liberans
1335 1752 1374 1814 ad

252 1855 289 1900 155
305 1840 433 1921 propria
457 1839 608 1914 remeavit,
639 1845 668 1903 et
691 1859 743 1903 rex
766 1840 966 1904 similitudine
995 1841 1121 1906 delusus
1144 1842 1274 1905 veritatis
1298 1841 1375 1904 redit

302 1929 341 1991 ad
366 1947 474 1992 senem
498 1929 779 2010 consi[152⁰]lium
802 1934 990 2010 accepturus.

395 2018 497 2081 Senex
520 2035 594 2080 vero
616 2019 769 2082 asserebat
792 2036 896 2098 regem
921 2020 973 2081 vix
996 2037 1088 2099 posse
1111 2020 1257 2096 invenire,
1288 2019 1374 2099 quod

303 2112 455 2187 quereret,
485 2105 633 2170 suadebat
661 2111 771 2183 tamen,
802 2113 835 2169 ut
863 2108 991 2170 cadaver
1021 2108 1131 2170 iterum
1162 2127 1218 2188 per
1244 2109 1373 2172 eandem

304 2197 476 2259 traheretur
499 2195 656 2272 civitatem,
680 2196 767 2276 quod
791 2201 819 2259 et
841 2195 954 2259 factum
978 2202 1030 2260 est
1065 2197 1211 2276 Cumque
1234 2202 1267 2260 ut
1290 2197 1375 2277 prius

253 2289 432 2348 mouentum
459 2289 537 2348 esset
551 2285 590 2346 ad
610 2284 741 2348 domum
757 2285 832 2363 eius,
855 2285 939 2348 filius
954 2285 1106 2349 internum
1123 2287 1217 2348 animi
1233 2286 1374 2350 dolorem

304 2392 370 2437 non
396 2374 498 2436 ferens
525 2373 625 2436 filium
654 2373 817 2454 parvulum
850 2374 881 2436 in
914 2379 1050 2455 puteum,
1082 2375 1136 2454 qui
1168 2394 1225 2455 pro
1256 2375 1376 2438 foribus

304 2467 376 2540 erat,
402 2463 479 2525 clam
503 2463 638 2542 proiecit,
665 2467 801 2542 tuncque
823 2463 942 2526 vultum
967 2463 1126 2541 unguibus
1149 2482 1276 2545 carpens
1299 2481 1375 2527 voce

305 2553 469 2615 lacrimosa
504 2553 639 2634 populos
669 2553 757 2631 quasi
791 2552 831 2614 ad
862 2552 1057 2615 liberandum
1087 2552 1187 2615 filium
1219 2557 1375 2616 convocat

305 2641 448 2704 Accurrit
471 2641 580 2703 ilemm
597 2645 693 2704 mater
708 2658 778 2704 cum
794 2641 874 2717 filiis,
899 2641 999 2720 girant
1014 2645 1150 2722 puteum,
1173 2642 1375 2718 lacrimantur,

253 2743 291 2788 115
305 2731 422 2810 aliique
460 2729 587 2794 funibus
621 2730 659 2793 ad
694 2730 915 2793 extrahendum
951 2749 1082 2811 puerum
1116 2730 1148 2792 in
1183 2735 1308 2810 puteum
1343 2747 1376 2792 se

306 2820 465 2882 dimittunt
487 2823 516 2881 et
543 2819 593 2881 alii
617 2837 672 2882 eos
695 2820 803 2881 iterum
832 2837 956 2882 sursum
979 2819 1110 2882 trahunt
1157 2818 1242 2893 Quid
1267 2819 1375 2899 plura?

307 2908 439 2988 Capitur
461 2908 571 2970 itemm
603 2907 653 2970 ille
676 2907 763 2972 solus
792 2907 976 2987 duciturque
998 2908 1037 2970 ad
1061 2926 1173 2988 regem,
1205 2912 1234 2970 et
1256 2907 1376 2969 interim

306 2997 437 3060 cadaver
464 3014 519 3078 per
547 2997 605 3060 alia
631 2996 764 3060 civitates
793 2997 946 3060 incassum
970 3001 1106 3074 tractum,
1135 2997 1175 3058 ad
1198 3015 1302 3076 regem
1326 2995 1377 3057 le

308 3085 433 3150 ossibus
464 3089 493 3148 et
522 3087 624 3149 nervis
654 3085 803 3149 coherens
838 3085 1000 3148 reducitur.
1055 3085 1153 3149 Porro
1185 3104 1237 3148 rex
1267 3084 1376 3148 videns

255 3188 293 3232 rao
310 3177 395 3238 hunc
428 3176 537 3238 iterum
573 3179 704 3255 captum,
739 3193 831 3254 quem
866 3178 954 3236 antea
986 3173 1149 3250 dimiserat,
1185 3179 1214 3236 et
1245 3174 1376 3236 nimium

307 3263 489 3327 admiratus:
524 3264 611 3337 Quid
636 3268 773 3344 prosunt,
804 3263 852 3340 ait,
882 3263 938 3325 tibi
962 3263 1069 3326 callide
1099 3263 1303 3342 deceptiones,
1333 3261 1376 3324 dii

307 3353 423 3416 summi
446 3357 475 3415 te
499 3352 642 3433 produnt,
667 3353 746 3415 furta
768 3357 819 3414 tua
842 3355 870 3414 et
885 3351 1013 3413 crimina
1035 3356 1064 3414 le
1086 3356 1235 3414 accusant
1270 3350 1378 3420 Redde

308 3460 384 3521 ergo
419 3442 595 3504 thesaurum
628 3447 657 3505 et
689 3441 757 3504 iuro
787 3441 841 3504 tibi
878 3458 933 3521 per
967 3459 1066 3503 meam
1100 3441 1266 3520 magnique
1298 3441 1377 3503 lovis

311 3530 487 3610 potentiam,
511 3531 597 3610 quod
621 3548 677 3594 nec
699 3533 728 3592 te
743 3529 803 3592 vita
818 3547 875 3592 nec
890 3530 995 3609 aliquo
1011 3529 1140 3610 privabo
1156 3529 1377 3607 membrorum,

256 3631 296 3676 115
311 3619 366 3682 sed
389 3636 499 3681 sanum
531 3624 560 3682 et
589 3620 742 3698 integrum
771 3618 966 3698 liberumque
989 3618 1146 3681 dimittam.
1192 3619 1280 3680 Tunc
1302 3619 1378 3682 latro

309 3707 470 3771 ealliditate
492 3726 548 3770 sua
570 3713 658 3771 utens
681 3707 830 3788 producta
849 3708 951 3788 primo
966 3708 1097 3788 suspiria
1111 3708 1151 3770 ab
1167 3707 1231 3770 imo
1248 3708 1378 3786 pectoris

310 3797 408 3874 trahit,
432 3796 545 3859 dehinc
559 3797 647 3860 talem
664 3796 771 3859 emittit
785 3815 907 3860 vocem:
932 3796 963 3860 Ο
979 3815 1037 3873 me,
1061 3796 1212 3875 inquiens,
1236 3796 1377 3858 omnium

310 3885 554 3948 infelicissimum
579 3885 751 3962 hominum,
775 3903 868 3966 quem
891 3889 976 3948 tanto
999 3884 1042 3945 dii
1066 3884 1141 3947 odio
1165 3888 1377 3964 prosecuntur,

311 3979 345 4038 ut
369 3993 426 4037 nec
449 3973 551 4038 solum
575 3973 667 4037 michi
700 3974 782 4037 diem
811 3975 930 4053 absque
959 3972 1122 4036 doloribus
1144 3978 1173 4035 et
1195 3973 1379 4035 cruciatibus

257 4081 296 4127 uo
311 4062 453 4143 corporis
487 4067 516 4124 et
549 4063 650 4126 anime
684 4063 810 4126 transire
845 4061 1026 4143 permittant
1083 4061 1158 4124 fleri
1190 4061 1282 4124 michi
1313 4060 1379 4123 dies

311 4151 418 4214 infelix
441 4151 584 4232 pollicem
608 4152 738 4230 abstulit,
766 4151 816 4214 hic
839 4151 933 4214 hodie
956 4148 1108 4213 infelicior
1129 4149 1228 4212 filium
1252 4149 1378 4211 unicum
