3584 4884
705 409 946 466 -173-

290 597 382 642 orare
411 580 530 643 solebat
558 581 717 643 mulierem
747 586 924 661 posuerunt
971 580 1052 644 Cum
1082 586 1183 644 aulem
1215 582 1358 644 monachi

290 670 478 748 reperissent
499 670 613 731 domus
642 688 698 733 sue
727 671 904 732 thesaurum
927 675 957 732 et
985 671 1172 733 monachum
1200 670 1253 749 qui
1281 671 1360 733 sicut

291 762 494 821 consueverat
517 758 689 821 Dominum
706 759 856 835 exorabat,
880 763 909 821 et
929 759 1054 821 maritus
1071 777 1198 822 uxorem
1215 760 1360 839 reperiret

237 864 279 909 ras
293 851 325 909 et
346 847 534 923 thesaurum,
555 852 647 926 atque
667 849 827 928 pecuniam
842 848 921 910 sicut
936 848 1022 928 pn'us
1044 848 1142 911 tuerat
1164 848 1359 925 invenissent,

292 940 443 1015 ceperunt
464 936 679 1016 obstupescere
701 942 730 999 ct
750 936 913 1011 ammirari,
937 941 967 999 et
980 940 1136 1000 currentes
1153 936 1193 999 ad
1208 954 1359 999 carcerem

291 1024 439 1086 videmnt
461 1025 646 1087 monachum
670 1029 700 1088 et
721 1026 880 1088 mulierem
897 1026 929 1087 in
945 1026 1157 1106 compedibus,
1180 1026 1258 1089 sicut
1273 1026 1360 1106 prius

292 1131 349 1176 eos
372 1113 560 1191 dimiserant;
584 1114 628 1176 sic
642 1114 724 1176 enim
739 1113 901 1176 videbatur
915 1115 959 1177 eis
974 1115 1061 1193 quod
1084 1133 1166 1177 unus
1189 1115 1359 1177 demonum

292 1202 562 1281 transfiguraverat
583 1220 616 1265 se
639 1203 670 1265 in
694 1204 825 1283 speciem
842 1204 994 1280 monachi,
1018 1208 1047 1266 et
1069 1204 1149 1265 alius
1171 1204 1203 1265 in
1226 1204 1359 1283 speciem

239 1310 279 1355 rao
294 1290 444 1353 mulieris.
489 1291 571 1353 Cum
600 1296 701 1354 autem
736 1296 798 1355 tota
831 1292 936 1355 civitas
968 1292 1008 1354 ad
1042 1292 1176 1355 videnda
1210 1292 1361 1355 mirabilia

293 1380 496 1455 convenisset,
511 1380 669 1458 demones,
685 1381 832 1443 omnibus
845 1381 1051 1459 audientibus,
1067 1381 1221 1443 dixemnt:
1248 1381 1360 1450 „Recc-

293 1468 415 1545 damus,
445 1469 516 1531 satis
543 1470 624 1531 eninr
654 1469 717 1533 istis
740 1470 893 1533 illusimus
916 1474 945 1533 et
967 1470 1006 1532 de
1036 1470 1188 1549 religiosis
1219 1470 1361 1550 personis

294 1557 376 1619 mala
398 1558 531 1636 cogitare
552 1558 709 1621 fecimus.u
755 1560 792 1621 Et
814 1560 874 1622 lroc
896 1559 985 1635 dicto,
1009 1559 1113 1622 subito
1136 1559 1360 1639 disparuerunt

294 1646 418 1709 Omnes
440 1653 540 1709 autem
555 1647 594 1708 ad
615 1647 713 1737 pedes
728 1648 871 1710 monachi
887 1652 916 1710 et
931 1647 1068 1711 mulieris
1091 1648 1223 1711 inclinati
1239 1649 1360 1710 veniam

241 1752 282 1797 ras
297 1735 537 1815 postulaverunt
573 1737 648 1798 Ecce
666 1740 814 1816 quantum
838 1736 995 1798 infamiam
1019 1740 1048 1799 et
1069 1736 1247 1799 scandalum
1270 1742 1361 1816 atque

296 1823 499 1886 inestimabile
521 1824 691 1905 dampnum
723 1826 875 1905 dyabolus
902 1829 1007 1889 contra
1034 1826 1192 1905 religiosas
1215 1842 1362 1905 personas

293 1919 495 1992 procurasset,
519 1913 577 1976 nisi
603 1914 692 1976 Beata
714 1914 810 1993 Virgo
834 1914 1040 1979 succurrisset.

659 2062 709 2119 36.
751 2056 804 2135 [=
828 2057 888 2119 Νο.
913 2056 998 2135 289]

385 2180 482 2242 Valde
504 2180 631 2260 quidem
658 2181 785 2244 difficile
811 2186 856 2244 est
886 2186 920 2243 ut
941 2200 959 2243 a
983 2182 1070 2245 malis
1098 2181 1275 2262 parentibus
1298 2198 1361 2243 non

294 2274 533 2349 corrumpantur
568 2269 658 2350 [tiliil.
710 2270 805 2335 Unde
842 2271 953 2350 legitur
990 2271 1029 2333 de
1063 2270 1200 2351 quodam
1236 2270 1363 2333 homine

241 2374 282 2419 rao
295 2357 394 2433 bono,
426 2359 479 2437 qui
501 2359 633 2438 simplex
654 2364 717 2422 erat
745 2359 835 2422 valde
856 2364 887 2422 et
915 2359 1026 2422 timens
1051 2360 1162 2436 Deum,
1193 2364 1222 2421 et
1251 2358 1363 2421 cotidie

295 2446 442 2509 laborans
464 2447 496 2509 in
523 2464 599 2526 agro
628 2448 668 2511 de
695 2448 800 2511 labore
831 2466 979 2511 manuum
1012 2447 1205 2511 mediocriter
1233 2448 1362 2511 vivebat

296 2536 389 2600 Uxor
409 2540 509 2597 autem
533 2536 565 2599 in
589 2536 685 2600 domo
708 2555 870 2600 remanens
897 2541 959 2599 tota
989 2537 1039 2599 die
1070 2554 1140 2599 cum
1165 2537 1363 2599 leccatoribus

295 2623 501 2688 manducabat
522 2629 552 2688 et
574 2626 705 2704 bibebat,
729 2630 765 2703 et,
789 2644 985 2706 quecumque
1008 2626 1134 2688 maritus
1157 2626 1224 2705 ejus
1247 2629 1364 2706 poterat

294 2713 462 2792 acquirere,
485 2714 641 2777 luxuriose
663 2715 771 2778 vivens
785 2716 995 2778 consumebat
1025 2714 1144 2777 Accidit
1157 2718 1259 2777 autem
1275 2713 1361 2794 quod

242 2818 283 2865 nn
296 2806 440 2865 mortuus
469 2807 514 2865 est
544 2807 679 2882 uterque,
713 2807 743 2865 et
773 2804 964 2883 reliquerunt
990 2804 1111 2866 unicam
1142 2803 1238 2866 filiam
1269 2820 1362 2883 quam

296 2890 460 2953 trabebant.
492 2891 564 2965 Que
586 2892 666 2972 cepit
687 2892 821 2971 cogitare
843 2897 946 2955 utrum
970 2893 1062 2955 vitam
1086 2892 1179 2973 patris
1193 2896 1245 2953 aut
1261 2891 1364 2953 matris

294 2996 353 3042 sue
387 2978 511 3042 deberet
543 2980 662 3043 imitari.
721 2981 883 3061 Dyabolus
916 2985 1018 3044 autem
1052 2986 1122 3044 ante
1156 2980 1264 3044 oculos
1297 2979 1364 3058 eius

295 3068 433 3147 ponebat
454 3068 541 3148 quod
564 3069 625 3132 vita
647 3069 741 3149 patris
764 3070 830 3149 ejus
852 3070 931 3132 dura
954 3070 1046 3132 nimis
1069 3074 1098 3132 et
1119 3087 1226 3149 aspera
1249 3069 1363 3145 fuisset,

296 3160 328 3219 et
349 3157 435 3236 quod
460 3158 491 3219 in
523 3157 632 3221 dolore
659 3163 688 3220 et
715 3158 838 3221 miseria
859 3176 983 3239 semper
1005 3158 1139 3234 vixisset;
1172 3161 1268 3219 mater
1289 3174 1364 3219 vero

143 3339 144 3344 γ
242 3245 397 3325 suipsius
419 3246 450 3307 in
475 3247 595 3326 magnis
624 3246 741 3310 deliciis
768 3252 797 3310 et
826 3248 942 3327 gaudio
973 3251 1001 3309 et
1031 3248 1062 3309 in
1087 3264 1198 3325 magna
1226 3246 1364 3308 felicitate

295 3334 420 3396 vixerat
467 3336 503 3398 Et
523 3336 584 3415 jam
608 3354 687 3416 pene
717 3336 820 3399 adlruc
847 3337 971 3398 animus
1001 3336 1067 3415 ejus
1095 3334 1296 3397 inducebatur
1324 3337 1363 3410 ut,

296 3427 471 3503 contempta
493 3424 586 3504 patris
601 3426 841 3500 conversatione,
865 3429 992 3487 matrem
1009 3424 1183 3487 imitaretur.
1221 3422 1364 3485 Proxima

295 3530 373 3574 vero
395 3517 484 3575 nocte
505 3513 634 3591 angelus
651 3513 780 3576 Domini
796 3513 936 3593 apparuit
959 3512 986 3575 ei
1010 3513 1041 3573 in
1065 3511 1213 3591 sompnis,
1238 3515 1266 3573 et
1281 3509 1364 3572 vide-

296 3600 388 3663 batur
409 3602 437 3663 ei
461 3601 547 3681 quod
577 3601 702 3664 duceret
723 3620 790 3665 eam
813 3603 852 3664 ad
877 3601 1010 3681 quedam
1040 3600 1131 3663 fetida
1154 3604 1183 3661 et
1205 3598 1365 3661 horribilia

243 3706 284 3752 ras
299 3689 368 3752 loca
388 3693 620 3768 tormentorum,
644 3691 697 3753 ubi
714 3691 792 3753 inter
806 3691 883 3753 alios
899 3689 1081 3770 dampnatos
1099 3688 1222 3751 videbat
1237 3691 1362 3748 matrem

296 3795 385 3841 suam
410 3778 606 3858 nigerrimam
630 3780 703 3859 igne
726 3778 919 3842 intollerabili
943 3779 1015 3857 igne
1037 3794 1223 3853 succensam,
1251 3778 1280 3836 et
1302 3792 1364 3836 ser-

296 3872 405 3947 pentes
427 3868 532 3929 omnia
554 3868 621 3947 ejus
648 3869 787 3931 membra
817 3884 923 3931 morsu
946 3866 1137 3929 amarissimo
1161 3862 1365 3927 corrodebant
1467 3926 1475 3938 ‚

297 3959 327 4018 et
361 3956 523 4019 laniabant
583 3958 672 4019 Tunc
709 3957 760 4019 illa
797 3957 877 4036 cepit
911 3954 999 4035 quasi
1038 3952 1187 4016 ululando
1221 3950 1363 4012 clamare:

300 4045 407 4123 „Veni,
437 4046 508 4123 iilia,
538 4045 613 4125 quia
635 4050 760 4126 propter
780 4045 857 4107 viles
879 4048 909 4105 et
935 4042 1122 4105 transitorias
1152 4038 1275 4101 delicias
1297 4038 1363 4099 sine

245 4133 363 4197 tantine
385 4135 554 4212 cruciabor,
578 4139 607 4197 et
629 4152 788 4213 nunquam
811 4133 933 4195 veniam
957 4130 1113 4193 obtinebo.
1158 4127 1240 4189 Cave
1263 4125 1363 4201 icitur,
