3584 4884
840 494 1083 550 -130-

431 666 578 728 dictarum
600 667 735 746 legum,
774 683 957 746 responsum
997 668 1172 744 reportaret.
1230 663 1305 736 Quo
1344 664 1423 726 facto
1462 665 1494 724 in

431 754 552 818 Cretam
577 755 632 817 iuit
654 759 683 817 et
698 755 740 818 ibi
758 758 939 834 perpetuum
956 754 1080 816 exilium
1103 753 1173 832 egit.
1208 753 1377 815 Morituros
1392 756 1494 814 autem

430 862 501 907 ossa
527 862 583 907 sua
613 844 645 906 in
678 862 761 906 mare
788 843 946 921 submergi
971 843 1030 921 (BL
1054 844 1138 921 tir.)
1163 842 1257 917 iussit,
1288 859 1328 903 ne
1350 841 1437 917 torte,
1468 841 1494 903 si

376 949 417 996 555
432 933 498 995 eius
521 950 590 996 ossa
605 932 644 995 ad
660 933 810 995 ciuitatem
827 931 969 1009 redirent,
986 950 1095 994 omnes
1110 949 1143 994 se
1159 931 1273 993 liberos
1289 948 1307 992 a
1323 930 1495 992 iuramento

432 1038 496 1084 esse
520 1021 677 1085 crederent
699 1021 854 1101 et'legum
878 1021 1110 1084 obseruanciam
1126 1019 1284 1083 violarent
1322 1019 1375 1080 Xll
1391 1023 1494 1081 autem

431 1114 515 1172 erant
548 1109 627 1173 dicte
661 1111 751 1190 leges.
814 1110 916 1172 Prima
951 1109 1018 1189 lege
1056 1109 1208 1189 populum
1244 1109 1275 1169 in
1307 1108 1494 1186 obsequium

431 1199 604 1279 principum
639 1203 668 1261 et
707 1199 859 1280 principes
894 1199 925 1260 in
960 1198 1129 1261 custodiam
1168 1197 1363 1259 subditorum
1397 1201 1426 1258 et
1455 1196 1495 1258 ad

431 1287 644 1350 cohercionem
657 1287 813 1368 inpiorum
827 1287 1012 1350 intormauit
1036 1286 1176 1350 Secunda
1192 1285 1259 1364 lege
1276 1284 1495 1365 parsimoniam

377 1391 417 1439 555
433 1380 461 1438 et
484 1377 683 1456 frugalitatem
713 1377 858 1439 omnibus
882 1376 1037 1456 persuasit,
1068 1375 1195 1438 credens
1219 1374 1362 1436 miliciam
1391 1374 1496 1436 lauda-

432 1465 572 1528 biliorem
596 1465 663 1527 fieri
688 1465 836 1528 modestia
860 1483 953 1544 quam
970 1464 1101 1544 crapula.
1137 1465 1193 1525 llla
1216 1463 1310 1540 iussit,
1333 1467 1365 1524 vt
1379 1463 1495 1542 singuli

432 1571 495 1616 non
534 1553 680 1634 peccunia
718 1553 771 1616 sed
809 1555 988 1616 meritorum
1029 1553 1286 1633 compensatione
1324 1555 1495 1631 pensarent

433 1643 490 1706 th
515 1643 563 1705 lex
593 1643 720 1706 instituit
751 1643 905 1705 materiam
933 1642 998 1704 auri
1030 1647 1059 1704 et
1080 1642 1197 1721 argenti
1228 1640 1321 1703 velud
1352 1641 1495 1702 omnium

432 1731 548 1794 vilium.
593 1733 639 1795 Va
664 1732 712 1794 lex
734 1731 1033 1794 administracionem
1058 1731 1100 1793 rei
1129 1730 1251 1810 puplice
1274 1748 1330 1809 per
1352 1729 1495 1792 ordinem

378 1837 418 1883 555
433 1820 537 1884 diuisit
548 1822 625 1884 dans
637 1821 762 1900 regibus
778 1824 954 1900 potestatem
967 1820 1129 1895 bellorum,
1146 1819 1371 1898 magistratibus
1383 1818 1496 1880 iudicia

432 1915 461 1972 et
491 1929 600 1973 omnes
634 1909 830 1986 offensiones,
863 1909 980 1972 senatui
1016 1908 1185 1971 custodiam
1218 1907 1336 1986 legum;
1375 1907 1495 1986 populo

432 1999 553 2062 creandi
570 1999 617 2061 vel
634 1998 767 2078 eligendi
784 1999 975 2078 magistratus
991 2001 1167 2078 potestatem
1184 1996 1329 2076 permisit
1367 1997 1426 2059 Vla
1447 1996 1496 2057 lex

433 2087 547 2151 lundos
578 2088 724 2151 omnibus
752 2087 896 2166 equaliter
924 2087 1036 2163 diuisit,
1067 2091 1099 2148 vt
1125 2085 1272 2148 omnibus
1303 2083 1496 2164 patrimoniis

434 2178 594 2257 equalibus
618 2177 721 2240 nullus
744 2177 804 2239 alio
828 2176 987 2255 potencior
1009 2175 1195 2238 redderetur.
1229 2175 1301 2237 Vlla
1322 2174 1388 2252 lege
1410 2173 1498 2236 iussit

378 2279 543 2328 aesomnes
566 2265 724 2328 conuiuari
749 2265 878 2345 publice,
904 2283 942 2326 ne
972 2265 1061 2326 alicui
1090 2263 1201 2326 diuicie
1229 2263 1260 2324 in
1289 2263 1409 2325 occulto
1437 2263 1497 2324 sint

433 2372 522 2416 causa
553 2354 679 2416 luxurie.
725 2355 810 2417 Vllla
831 2353 997 2416 iuuenibus
1026 2371 1086 2415 vna
1115 2357 1180 2415 toto
1210 2370 1294 2414 anno
1325 2351 1423 2413 voluit
1455 2351 1495 2412 vti

432 2447 522 2505 veste.
558 2443 617 2504 lX²
638 2459 750 2521 pueros
772 2460 922 2522 pauperes
938 2442 968 2502 in
984 2460 1102 2520 agrum,
1127 2459 1191 2504 non
1215 2442 1246 2502 in
1262 2441 1366 2502 forum
1383 2439 1495 2502 deduci

433 2532 526 2609 iussit,
557 2535 589 2593 vt
612 2531 729 2610 primos
751 2549 850 2594 annos
874 2529 1020 2593 ducerent
1043 2530 1074 2591 in
1098 2548 1199 2609 opere,
1224 2548 1287 2591 non
1312 2529 1343 2590 in
1368 2528 1443 2590 ludo
1467 2532 1498 2590 et

434 2621 561 2682 leuitate.
590 2620 635 2682 Xa
655 2620 756 2682 statuit
771 2619 905 2699 virgines
920 2619 986 2682 sine
1002 2619 1074 2681 dote
1090 2619 1215 2682 nubere.
1245 2619 1306 2680 ltla
1327 2618 1496 2679 maximum

379 2721 419 2766 aro
435 2711 585 2772 honorem
617 2727 680 2771 non
711 2709 851 2783 diuitum,
882 2708 936 2770 sed
967 2726 1024 2788 pro
1054 2707 1152 2786 gradu
1182 2707 1265 2768 etatis
1293 2707 1393 2768 statuit
1421 2706 1498 2768 lore.

434 2799 506 2861 lllla
537 2799 634 2861 voluit
671 2815 781 2860 vxores
818 2797 888 2876 eligi
929 2815 992 2859 non
1031 2795 1185 2876 peccunia.
1243 2795 1348 2858 Omne
1385 2800 1497 2872 autem,

434 2889 519 2968 quod
543 2906 737 2968 quacumque
761 2887 827 2966 lege
850 2887 957 2962 statuit,
982 2886 1047 2965 ipse
1063 2903 1120 2965 pro
1136 2885 1279 2964 exemplo
1295 2884 1361 2946 aliis
1377 2884 1498 2964 primus

434 2979 574 3040 seruauit.

780 3207 855 3288 Cap.
883 3214 943 3269 raa
971 3207 1029 3285 (aa.
1053 3206 1149 3284 ira).

794 3346 837 3400 De
855 3348 963 3416 pretore
982 3348 1008 3400 et
1025 3343 1136 3399 femina.

525 3513 625 3580 Refert
640 3512 778 3575 Valerius
794 3511 874 3572 libro
890 3511 944 3587 V0,
969 3509 1054 3588 quod
1079 3512 1182 3588 pretor
1196 3507 1343 3569 feminam
1360 3505 1497 3568 nobilem

381 3619 538 3668 ancoram
562 3619 595 3663 se
618 3601 735 3680 capitali
766 3598 919 3662 sentencia
942 3598 1136 3678 dampnatam
1167 3596 1277 3659 carceri
1305 3594 1427 3656 tradidit
1454 3594 1497 3656 ibi

436 3690 512 3751 clam
530 3688 738 3752 occidendam.
780 3687 882 3761 Quam
907 3691 1009 3749 custos
1032 3685 1159 3749 carceris
1183 3703 1248 3748 non
1270 3684 1368 3746 statim
1386 3682 1498 3745 occidit

435 3777 542 3858 pietate
573 3783 682 3854 motus,
716 3776 832 3838 aditum
868 3793 994 3855 quoque
1024 3774 1063 3837 ad
1098 3778 1224 3836 matrem
1256 3772 1405 3836 concessit
1435 3771 1498 3832 tilie

435 3871 529 3945 nupte
560 3867 736 3942 obseruanS,
772 3883 810 3927 ne
838 3864 914 3944 quid
944 3865 1033 3926 terret
1066 3863 1219 3940 alimonie,
1254 3866 1285 3924 vt
1314 3861 1359 3924 sic
1388 3860 1498 3940 periret

435 3956 523 4018 fame.
570 3955 644 4018 Post
667 3955 779 4016 multos
803 3954 868 4016 dies
898 3953 1083 4028 ammiratus,
1114 3951 1196 4013 vnde
1225 3951 1338 4013 lemina
1372 3949 1496 4024 uiueret,

381 4067 422 4113 aso
437 4045 554 4107 inuenit
581 4045 674 4106 liliam
699 4043 802 4106 matris
824 4043 927 4105 famen
950 4041 998 4104 sui
1026 4041 1109 4102 lactis
1139 4039 1279 4102 subsidio
1303 4039 1497 4102 releuantem.

438 4135 509 4208 Que
523 4138 583 4195 tarn
601 4133 734 4194 inaudita
757 4130 956 4194 ammirabilis
973 4129 1134 4208 spectaculi
1156 4128 1276 4190 nouitas
1299 4127 1337 4189 ad
1365 4126 1498 4188 iudicem

436 4227 551 4303 portata
574 4221 687 4283 femine
711 4220 800 4300 plene
823 4219 942 4280 veniam
968 4216 1136 4295 inpetrauit
