3584 4884
860 479 1102 534 -112-

448 649 629 730 superponit
665 648 779 726 sellam,
818 649 947 711 antelam
987 653 1075 729 aptat,
1114 649 1219 712 omnia
1253 649 1310 712 hec
1347 667 1400 711 rex
1437 667 1519 712 auro

392 755 434 804 oso
449 738 622 819 purissimo,
665 737 869 818 dependentia
903 738 1041 801 eiusdem
1075 737 1187 800 metalli
1218 737 1411 815 tintinabula,
1454 756 1519 818 que

448 827 506 904 ille,
536 844 574 888 ne
602 827 736 888 sonitum
768 826 883 904 darent,
916 845 984 889 cera
1006 827 1147 889 obstruit
1194 827 1265 890 Ηο0
1293 827 1372 890 facto
1403 831 1519 889 reserat

448 917 569 992 ostium,
600 915 736 978 ascendit
758 933 883 994 equum,
915 916 1075 994 velocique
1098 933 1189 978 cursu
1221 915 1320 995 pergit
1341 915 1381 977 ad
1410 916 1516 978 locum

447 1004 505 1068 sibi
522 1022 539 1066 a
555 1004 682 1067 fratibus
698 1005 905 1068 constitutum.
944 1000 1167 1083 Ve[157‘¹]rum
1184 1022 1248 1067 non
1265 1005 1344 1067 bene
1359 1009 1518 1067 cesserunt

448 1093 475 1156 ei
499 1093 697 1156 latrocinandi
722 1093 878 1173 principia,
903 1093 1025 1158 mentita
1041 1097 1086 1156 est
1101 1093 1245 1172 iniquitas
1267 1093 1335 1170 sibi,
1359 1097 1388 1155 et
1410 1093 1518 1156 fefellit

393 1199 434 1247 reo
449 1199 502 1246 eos
519 1181 638 1259 malitia,
656 1182 803 1261 quoniam
820 1182 905 1244 visus
921 1186 997 1244 esta
1014 1181 1194 1245 custodibus
1209 1182 1343 1259 civitatis,
1366 1182 1516 1261 aquibus

448 1270 536 1332 etiam
561 1270 683 1349 fugiens
713 1270 830 1333 fortiter
859 1271 1014 1334 insecutus
1042 1275 1087 1334 est
1114 1271 1152 1332 ad
1184 1271 1286 1334 locum
1317 1270 1515 1350 disignatum,

448 1363 476 1422 et
510 1377 580 1421 eum
611 1359 755 1423 iratribus
789 1359 1000 1439 deprehensus
1034 1363 1079 1422 est
1113 1364 1142 1422 et
1176 1377 1265 1422 mane
1295 1378 1366 1422 cum
1396 1360 1516 1422 eisdem

448 1447 553 1527 regine
591 1447 721 1511 oblatus.
777 1447 848 1522 Que
882 1448 993 1511 videns
1030 1466 1085 1512 eos
1119 1448 1219 1511 torma
1253 1449 1405 1527 elegantes
1439 1465 1515 1524 esse,

447 1536 638 1616 audiensque
668 1536 754 1615 quod
790 1537 844 1598 tilii
880 1541 981 1600 essent
1014 1537 1096 1600 illius
1126 1538 1284 1617 quondam
1316 1537 1516 1600 famosissimi

394 1643 434 1691 101
451 1625 584 1702 latronis,
620 1631 681 1688 erat
712 1630 812 1688 autem
845 1626 895 1688 hie
922 1626 1079 1689 familiaris
1102 1626 1215 1705 regine,
1247 1627 1368 1688 retrusit
1396 1643 1452 1688 eos
1483 1626 1516 1686 in

449 1733 598 1778 carcerem
623 1720 650 1777 et
674 1714 793 1778 interim
818 1714 903 1794 patri,
927 1719 961 1776 ut
982 1715 1021 1776 ad
1045 1733 1077 1777 se
1100 1715 1224 1792 veniret,
1249 1715 1412 1777 mandavit.
1449 1714 1515 1788 Qui

449 1822 518 1868 cum
550 1803 694 1881 venisset,
726 1804 970 1882 interrogabatur
999 1822 1016 1865 a
1047 1804 1164 1882 regina,
1195 1804 1221 1866 si
1251 1804 1333 1867 lilios
1364 1803 1516 1866 redimere

448 1893 545 1956 vellet.
582 1893 635 1956 1110
660 1898 789 1972 negante
810 1893 906 1955 obolo
930 1910 984 1955 eos
1006 1893 1111 1956 saltem
1136 1892 1285 1956 redimere
1308 1893 1398 1955 velle:
1422 1893 1518 1955 Nunc

449 1999 533 2062 ergo,
564 1982 605 2044 ait
628 1983 741 2061 regina,
773 1982 851 2045 refer
881 1981 973 2044 michi
1004 1999 1091 2044 casus
1114 1982 1162 2044 vel
1193 1982 1335 2061 pericula,
1366 1999 1428 2060 que
1450 1981 1515 2058 tibi,

394 2089 435 2136 ooo
450 2070 525 2132 dum
551 2070 706 2133 latrocinia
736 2087 898 2147 exerceres,
930 2088 1067 2149 unquam
1098 2070 1263 2134 acciderint
1291 2071 1456 2150 graviores,
1487 2075 1517 2132 et

449 2159 531 2222 lilios
555 2159 668 2222 liberos
692 2159 818 2222 reddam
842 2159 906 2222 tibi.
952 2160 992 2221 nt
1015 2159 1073 2237 ille,
1103 2164 1137 2221 ut
1159 2160 1257 2239 ipsius
1279 2159 1381 2221 verbis
1404 2159 1515 2221 melius

449 2253 527 2310 utar:
564 2247 731 2326 Quoniam,
767 2247 874 2327 inquit,
910 2248 1038 2328 perdere
1068 2248 1239 2311 secundum
1270 2252 1391 2329 poetam
1421 2248 1515 2310 verba

449 2337 514 2398 leve
545 2341 589 2398 est
619 2354 772 2416 parvaque
800 2337 919 2413 iactura,
952 2337 1049 2400 multo
1079 2337 1176 2400 levius
1207 2342 1282 2417 puto
1314 2337 1389 2400 solis
1412 2336 1515 2399 verbis

449 2424 566 2488 lucrari.
619 2424 700 2486 nudi
731 2443 814 2504 ergo,
852 2425 892 2487 ait
922 2425 960 2486 ad
992 2426 1138 2505 reginam,
1175 2426 1234 2488 sub
1265 2425 1434 2506 sponsione
1463 2429 1515 2487 tua

394 2531 435 2580 ooo
450 2530 546 2591 casus,
570 2512 623 2592 qui
648 2531 697 2574 me
720 2531 858 2592 unquam
883 2515 981 2593 magis
1003 2519 1184 2578 terruerunt.

538 2601 742 2664 Audieramus
765 2603 933 2681 aliquando
956 2603 1111 2683 gigantem
1131 2604 1224 2666 multa
1247 2603 1313 2666 auri
1336 2603 1516 2683 argentique

449 2691 533 2753 milia
568 2689 775 2770 possidentem
807 2691 884 2753 intra
919 2692 1116 2754 solitudinem
1147 2692 1254 2771 viginti
1291 2692 1355 2754 fere
1389 2691 1516 2754 milibus

450 2784 601 2842 remotum
618 2780 657 2842 ab
674 2780 854 2843 hominibus
870 2781 1013 2843 habitare.
1049 2780 1236 2860 Congregati
1260 2781 1353 2860 igitur
1368 2781 1399 2842 in
1416 2799 1514 2842 unum

450 2873 571 2932 centum
597 2869 729 2932 latrones
752 2870 818 2932 auri
835 2869 998 2949 cupiditate
1022 2869 1119 2947 illecti,
1143 2871 1182 2932 ad
1207 2869 1424 2933 habitationem
1448 2870 1515 2932 eius

395 2978 437 3026 oro
452 2976 566 3038 magno
589 2976 659 3021 cum
684 2958 790 3021 labore
814 2959 1018 3039 pervenimus,
1049 2976 1150 3038 eoque
1173 2976 1236 3021 non
1261 2959 1394 3035 invento,
1417 2958 1515 3037 gavisi

449 3047 632 3111 abstulimus
655 3048 802 3127 quicquid
826 3048 891 3110 auri
916 3052 945 3109 et
967 3047 1083 3127 argenti
1100 3047 1258 3128 potuimus
1273 3047 1418 3109 invenire.
1453 3046 1514 3110 Sed

450 3155 520 3200 curn
551 3137 648 3200 securi
684 3137 909 3217 repedaremus,
945 3137 1031 3215 gigas
1064 3154 1175 3199 novem
1210 3136 1311 3215 [158²]
1345 3154 1416 3198 cum
1448 3136 1516 3198 aliis

451 3225 610 3288 comitatus
626 3226 718 3288 nobis
734 3226 910 3307 inprovisus
925 3226 1109 3305 supervenit,
1129 3225 1270 3305 captique
1285 3243 1401 3302 sumno,
1417 3225 1514 3304 proch

451 3315 562 3395 pudor,
586 3318 706 3377 centum
723 3334 741 3377 a
757 3315 872 3378 decem.
905 3313 968 3388 Qui
986 3332 1044 3377 nos
1060 3314 1139 3376 inter
1154 3332 1187 3376 se
1202 3314 1380 3391 dividentes,
1404 3313 1515 3375 deveni

396 3421 437 3468 015
452 3421 511 3482 ego
547 3403 639 3464 miser
673 3422 742 3465 curn
775 3421 886 3466 novem
918 3404 985 3466 aliis
1016 3404 1046 3464 in
1083 3407 1197 3483 partem
1229 3402 1307 3478 eius,
1338 3402 1426 3464 cuius
1457 3419 1516 3464 nos

450 3491 570 3553 divitias
593 3491 767 3554 tuleramus.
804 3492 916 3570 Ligatis
932 3510 1007 3571 ergo
1023 3491 1166 3555 manibus
1190 3496 1356 3555 retrorsum
1381 3491 1516 3553 minabat

451 3597 509 3641 nos
543 3579 581 3641 ad
616 3585 736 3642 antmm
772 3598 862 3642 suum
899 3581 986 3660 quasi
1022 3580 1128 3644 decem
1163 3580 1299 3644 oviculas
1333 3583 1429 3642 statua
1464 3579 1515 3641 illa

450 3667 593 3730 tredecim
618 3669 738 3731 cubitos
761 3670 920 3732 excedens.
967 3669 1052 3731 Dum
1075 3673 1176 3731 autem
1200 3669 1228 3731 ei
1252 3669 1432 3732 immensam
1458 3687 1515 3747 pro

451 3761 554 3819 nostra
586 3756 799 3838 redemptione
834 3759 996 3838 pecuniam
1031 3758 1222 3835 offerremus,
1258 3757 1308 3820 ille
1338 3756 1515 3820 insultando

396 3864 437 3911 010
453 3844 544 3907 nobis
582 3863 645 3908 non
684 3846 776 3922 aliud,
816 3864 909 3925 quam
948 3864 1054 3910 earnes
1093 3851 1212 3910 nostras
1248 3864 1281 3910 se
1318 3850 1513 3926 accepturum

451 3933 650 4014 respondens,
679 3952 750 3998 eum
775 3936 882 4012 statim,
912 3954 1004 4014 quem
1029 3935 1107 3998 inter
1130 3953 1188 3998 nos
1211 3935 1407 4014 pinguiorem
1430 3934 1515 4011 vidit,

452 4023 708 4104 comprehensum
734 4025 858 4104 iugulat,
882 4023 1079 4104 divisumque
1095 4023 1288 4086 membratim
1305 4023 1337 4085 in
1353 4024 1515 4086 cacabrum

451 4113 560 4194 proicit
587 4115 794 4193 coquendum.
841 4113 927 4187 Quid
959 4114 1067 4193 plura?
1113 4112 1163 4176 Sic
1186 4112 1283 4189 illum,
1313 4113 1356 4174 sic
1379 4112 1516 4190 reliquos

451 4220 550 4282 usque
572 4202 611 4264 ad
635 4222 685 4265 me
708 4204 861 4282 iugulatos
885 4206 1049 4280 coctosque
1073 4200 1238 4276 devoravit,
1269 4217 1389 4278 meque,
1418 4200 1514 4279 proch
