3584 4884
861 472 1082 529 ..34-

438 644 520 706 iilius
542 644 645 711 verbis
667 643 778 722 inquit:
802 642 918 719 Amice,
941 642 967 707 si
991 661 1062 707 vera
1084 646 1156 705 sunt
1172 660 1250 722 quae
1267 642 1393 706 retulisti
1409 642 1508 706 feram

437 732 510 795 inde
539 732 595 795 tibi
624 732 782 794 auxilium.
829 732 865 794 Et
894 731 958 795 ille:
990 731 1163 805 Quomodo
1193 734 1281 812 potes
1311 732 1372 794 hoc
1398 732 1509 809 iacere,

382 839 424 885 005
437 821 547 885 ancilla
564 820 644 883 Dei?
668 857 695 865 -
719 820 759 883 At
774 820 825 882 illa
840 820 952 901 inquit:
975 820 1087 883 Adduc
1106 820 1182 882 mihi
1197 820 1357 883 hominem
1374 818 1412 882 de
1429 824 1510 883 terra

437 915 496 987 tua,
526 910 616 989 cujus
642 909 727 972 tactis
750 913 780 972 et
801 908 890 972 dictis
920 908 1014 972 lidem
1045 910 1158 973 habere
1188 909 1296 989 possis.
1328 945 1355 952 -
1386 908 1427 971 At
1456 910 1510 972 ille

437 998 571 1061 adduxit
626 998 748 1061 Deinde
778 998 895 1078 decepti
926 998 1012 1061 socio
1045 998 1197 1078 praecepit
1223 997 1329 1060 decem
1354 998 1509 1077 cophinos

437 1087 568 1150 exterius
591 1087 732 1167 pretiosis
755 1086 892 1167 depictos
916 1086 1073 1151 coloribus
1095 1091 1186 1166 atque
1209 1086 1290 1150 lerro
1310 1085 1509 1166 deargentato

437 1177 546 1255 ligatos
569 1194 640 1239 curn
664 1176 756 1239 bonis
778 1176 854 1239 seris
877 1194 986 1252 emere,
1015 1179 1045 1239 et
1072 1175 1111 1238 ad
1142 1174 1272 1238 domum
1300 1175 1349 1238 sui
1377 1175 1509 1256 hospitis

383 1284 423 1329 400
438 1266 539 1342 altere,
562 1263 779 1345 lapidibusque
802 1264 1000 1328 comminutis
1023 1264 1159 1345 implere.
1204 1264 1244 1326 nt
1266 1264 1332 1343 ipse
1363 1263 1403 1326 ita
1433 1264 1506 1343 egit.

440 1360 468 1416 6.
492 1354 605 1416 Mulier
627 1372 710 1431 vero,
733 1358 768 1415 ut
789 1353 866 1415 vidit
888 1354 994 1417 omnia
1010 1372 1089 1433 quae
1105 1356 1297 1433 praeceperat
1312 1370 1379 1415 esse
1395 1357 1507 1432 parata,

437 1444 489 1505 ait:
518 1443 611 1504 Nunc
633 1442 739 1505 decem
763 1442 906 1505 homines
930 1442 1081 1522 perquire,
1105 1442 1158 1521 qui
1183 1445 1289 1504 euntes
1312 1439 1351 1503 ad
1375 1441 1507 1504 domum

438 1532 519 1593 iliius
542 1532 596 1610 qui
620 1531 780 1610 deceperat
802 1536 842 1607 le,
871 1549 992 1594 mecum
1023 1535 1052 1593 et
1079 1549 1149 1593 cum
1173 1530 1259 1593 socio
1287 1534 1342 1593 tuo
1370 1529 1510 1593 delerant

437 1620 574 1696 scrinios,
598 1637 680 1682 unus
703 1624 773 1699 post
792 1620 895 1696 alium,
919 1620 1075 1682 venientes
1091 1620 1200 1682 ordine
1216 1620 1321 1698 longo.
1362 1620 1398 1680 Et
1412 1637 1507 1698 quarn

384 1727 424 1773 400
440 1709 499 1771 cito
523 1709 642 1788 primus
664 1708 781 1771 venerit
802 1708 841 1771 ad
869 1708 1003 1773 domum
1029 1708 1165 1771 hominis
1198 1708 1252 1787 qui
1279 1712 1309 1770 te
1337 1707 1456 1787 decepit
1479 1712 1521 1769 et·

439 1798 606 1877 requiescet
636 1797 687 1875 ibi,
718 1798 788 1859 veni
812 1801 841 1860 et
863 1801 904 1875 tu,
928 1802 958 1859 et
980 1816 1056 1877 roga
1079 1816 1136 1877 pro
1160 1796 1290 1877 pecunia
1312 1800 1372 1873 lua,
1396 1801 1425 1859 et
1447 1814 1508 1875 ego

439 1887 584 1967 promitto
600 1886 654 1949 tibi
671 1887 702 1948 in
720 1886 868 1963 Domino,
892 1886 979 1965 quod
1003 1886 1121 1949 reddita
1135 1886 1190 1949 tibi
1207 1886 1337 1966 pecunia
1352 1886 1450 1949 luerit
1472 1921 1499 1928 -

441 1982 468 2039 7.
498 1977 538 2037 At
567 1976 633 2055 ipse
665 1976 743 2038 sicut
771 1976 901 2054 jusserat
930 1975 1030 2037 vetula
1061 1975 1137 2037 lecit.
1191 1974 1280 2048 Quae
1316 1992 1380 2037 non
1412 1974 1509 2037 oblita

439 2064 549 2144 incepti
573 2065 677 2144 operis
699 2064 786 2143 quod
810 2064 999 2144 praedixerat
1029 2064 1084 2126 iter
1112 2064 1231 2144 incepit,
1264 2068 1293 2129 ct
1323 2062 1406 2125 venit
1435 2080 1507 2125 cum

384 2171 425 2216 410
440 2154 525 2216 socio
556 2152 674 2232 decepti
704 2152 743 2215 ad
773 2153 904 2215 domurn
940 2152 1124 2233 deceptoris,
1159 2156 1189 2219 et
1218 2152 1330 2232 inquit:
1368 2150 1508 2225 Quidam

439 2242 535 2303 homo
563 2240 602 2302 de
627 2241 776 2321 Hispania
798 2242 968 2321 hospitatus
990 2246 1036 2305 est
1058 2260 1192 2319 mecum,
1223 2245 1252 2303 et
1282 2240 1347 2304 vult
1370 2241 1508 2303 Meccam

438 2329 530 2406 adire,
554 2330 734 2409 quaeritque
756 2349 774 2393 a
797 2348 847 2391 me
870 2330 994 2392 lidelem
1018 2330 1128 2408 virum,
1152 2330 1200 2393 cui
1224 2329 1321 2392 tradat
1343 2328 1506 2409 pecuniam

439 2436 535 2495 suam,
563 2436 642 2497 quae
672 2422 718 2481 cst
747 2419 779 2480 in
809 2417 915 2481 decem
946 2420 1077 2496 scriniis,
1108 2419 1298 2496 servandam,
1330 2418 1431 2481 donec
1461 2436 1508 2479 re-

439 2510 578 2569 vertatur.
618 2507 732 2569 Precor
746 2507 847 2587 itaque
870 2512 904 2571 ut
927 2508 986 2571 mei
1010 2526 1100 2571 causa
1123 2509 1155 2570 in
1178 2508 1254 2570 aede
1275 2512 1328 2569 tua
1343 2505 1507 2583 custodias,

384 2612 425 2657 415
439 2600 469 2657 et
491 2596 565 2675 quia
586 2596 690 2658 audivi
713 2601 743 2658 et
764 2597 829 2660 scio
852 2601 880 2659 te
904 2598 1023 2659 bonum
1047 2602 1077 2659 et
1099 2597 1221 2659 fidelem
1247 2612 1313 2659 esse
1338 2594 1508 2672 hominem,

439 2684 514 2747 nolo
544 2684 678 2763 aliquem
701 2685 796 2747 alium
820 2690 937 2765 praeter
960 2690 989 2748 te
1011 2686 1112 2748 solum
1137 2686 1229 2765 hujus
1253 2685 1400 2765 pecuniae
1422 2701 1507 2746 com-

440 2772 650 2836 mendatorem
665 2774 782 2838 adesse.
808 2810 835 2817 —
860 2780 888 2836 8.
907 2775 942 2835 Et
958 2774 1032 2836 dum
1046 2775 1085 2836 ita
1098 2775 1275 2854 loqueretur
1290 2773 1373 2835 venit
1388 2773 1509 2852 primus

439 2862 580 2923 deterens
602 2862 762 2940 scrinium,
790 2863 857 2926 aliis
879 2882 898 2924 a
921 2864 1014 2943 longe
1036 2864 1261 2943 apparentibus.
1309 2862 1430 2925 interim
1455 2861 1508 2923 de-

439 2955 544 3031 ceptus
579 2954 809 3031 praeceptorum
845 2952 962 3014 vetulae
1002 2970 1065 3014 non
1109 2952 1223 3015 oblitus
1264 2954 1334 3032 post
1371 2952 1507 3031 primurn

384 3058 425 3103 400
440 3040 586 3102 scrinium
616 3040 694 3103 sicut
724 3040 751 3101 ci
784 3044 978 3121 praeceptum
1010 3041 1106 3103 iuerat
1135 3041 1225 3103 venit.
1272 3041 1324 3103 llle
1351 3058 1425 3103 vero
1453 3040 1508 3119 qui

440 3128 600 3208 pecuniam
625 3130 771 3191 celaverat
794 3130 905 3209 plenus
929 3130 1081 3209 nequitiae
1104 3134 1133 3192 et
1156 3130 1252 3192 malae
1274 3129 1353 3206 artiS,
1378 3132 1411 3190 ut
1432 3128 1510 3191 vidit

440 3218 598 3281 hominem
622 3218 794 3281 venientem
818 3219 867 3281 cui
891 3218 1053 3298 pecuniam
1077 3218 1235 3296 celaverat,
1265 3218 1376 3281 timens
1400 3236 1451 3295 nc,
1482 3218 1508 3279 si

440 3307 601 3386 pecuniam
633 3324 721 3369 suam
754 3307 928 3385 requireret,
959 3307 1037 3369 alius
1067 3307 1120 3387 qui
1152 3306 1313 3387 pecuniam
1343 3324 1431 3369 suam
1455 3306 1509 3368 ad-

440 3394 570 3457 ducebat
591 3394 650 3457 sibi
674 3413 739 3458 non
762 3396 970 3473 committeret,
993 3394 1092 3459 statim
1112 3400 1217 3460 contra
1232 3414 1303 3457 eum
1320 3396 1360 3457 ita
1374 3394 1509 3458 dicendo

385 3500 427 3545 425
443 3483 584 3562 perrexit:
611 3489 639 3546 9.
664 3483 695 3545 O
718 3484 826 3562 amice,
855 3484 909 3547 ubi
933 3488 993 3546 tam
1022 3484 1075 3546 diu
1106 3484 1212 3547 luisti?
1243 3489 1272 3547 et
1294 3484 1348 3547 ubi
1373 3488 1509 3547 moratus

440 3573 497 3633 es?
543 3571 620 3633 Veni
649 3576 678 3633 et
705 3572 808 3652 accipe
838 3574 1000 3652 pecuniam
1031 3577 1113 3635 tuam
1143 3574 1217 3637 fidei
1249 3592 1334 3635 meae
1363 3574 1424 3653 jam
1453 3572 1508 3633 diu

445 3659 698 3736 commendatam,
711 3662 859 3739 quonlam
871 3662 984 3740 inveni,
1001 3666 1030 3725 et
1041 3662 1156 3726 amodo
1167 3662 1267 3725 taedet
1281 3680 1331 3725 me
1346 3661 1508 3725 custodire.

446 3783 478 3792 —
507 3747 546 3809 nt
569 3747 619 3809 ille
649 3748 745 3811 laetus
775 3748 901 3812 eftectus
931 3750 1043 3831 recepit
1073 3752 1234 3831 pecuniam
1265 3751 1375 3831 gratias
1404 3766 1509 3829 agens.

441 3836 549 3899 Vetula
579 3840 680 3898 autem
712 3840 745 3898 ut
772 3836 848 3899 vidit
878 3838 1037 3903 hominem
1070 3840 1230 3919 pecuniam
1266 3858 1353 3904 suam
1386 3840 1507 3916 habere,
1642 3898 1644 3905 ,

386 3942 427 3987 4³0
442 3924 571 3986 surrexit
593 3928 622 3987 et
645 3925 756 4003 inquit:
781 3925 897 3989 ibimus
920 3945 979 4006 ego
995 3932 1024 3991 et
1038 3928 1141 3991 socius
1157 3946 1245 3992 meus
1260 3934 1365 3992 contra
1379 3928 1509 3991 scrinios
1635 3918 1653 3955 ‘³

443 4016 573 4090 nostros,
600 4017 630 4075 et
652 4012 793 4079 festinare
817 4015 1048 4096 praecipiemus
1095 4016 1142 4079 Tu
1165 4036 1239 4081 vero
1263 4022 1385 4098 expecta
1408 4015 1510 4079 donec

442 4100 611 4177 redeamus,
644 4105 673 4163 ct
699 4102 779 4165 bene
808 4120 895 4165 serva
926 4105 1012 4182 quod
1041 4106 1103 4183 jam
1130 4105 1325 4169 adduximus.
1383 4113 1432 4168 to.
1456 4104 1509 4167 llle

441 4193 542 4252 autem
573 4190 667 4251 laetus
696 4190 800 4254 animo
828 4192 915 4269 quod
944 4197 1099 4273 acceperat
1120 4194 1257 4273 servavit,
1280 4195 1509 4273 adventumque
