3584 4884
868 440 1089 496 ..30-

395 629 437 675 aab
451 628 525 761 cunti¹
545 626 617 673 suas
639 609 800 673 transferre
823 628 906 689 oves,
929 617 959 674 et
981 630 1074 691 quam
1099 610 1198 692 incepi
1214 610 1349 675 fabulam
1365 611 1404 673 ad
1421 611 1520 673 finem

450 717 506 780 per
527 716 626 761 ucam.
655 734 681 743 -

873 824 952 889 XIV.
1001 829 1095 888 1-8.

543 973 569 1027 t.
595 965 718 1028 Dictum
743 964 896 1046 estquod
920 965 1048 1045 quidam
1071 966 1187 1029 nobilis
1217 966 1366 1047 progenie
1393 966 1521 1029 haberet

451 1072 579 1118 uxorem
604 1058 714 1117 castam
739 1054 869 1118 nimium
893 1058 924 1118 et
945 1054 1124 1119 formosam.
1168 1054 1308 1135 Contigit
1329 1054 1408 1118 torte
1430 1055 1519 1134 quod

451 1142 598 1207 orationis
620 1143 723 1207 studio
748 1142 877 1211 Romam
901 1142 992 1207 vellet
1012 1144 1106 1207 adire.
1151 1143 1213 1208 Sed
1234 1143 1330 1207 alium
1357 1144 1519 1207 custodem

396 1250 437 1297 aaa
451 1232 540 1295 uxori
563 1250 637 1295 suae
660 1232 718 1295 nisi
746 1236 842 1295 semet
872 1232 970 1313 ipsam
1001 1233 1101 1296 noluit
1129 1233 1288 1313 deputare,
1318 1232 1401 1295 illius
1431 1232 1520 1295 castis

451 1320 592 1385 moribus
624 1321 695 1385 satis
724 1320 870 1399 confisus
903 1325 933 1384 et
966 1321 1125 1401 probitatis
1157 1321 1280 1386 honori.
1328 1322 1389 1384 llic
1415 1326 1518 1385 autem

451 1414 556 1490 parato
579 1414 750 1473 commeatu
774 1410 857 1473 abiit.
905 1418 934 1472 2.
960 1412 1049 1475 Uxor
1071 1429 1146 1474 vero
1168 1416 1248 1474 caste
1275 1409 1410 1473 vivendo
1433 1414 1464 1473 et
1486 1410 1519 1472 in

451 1498 598 1563 omnibus
629 1498 795 1579 prudenter
822 1517 917 1577 agens
945 1500 1096 1563 remansit
1144 1499 1263 1563 Accidit
1284 1499 1407 1563 tandem
1431 1498 1519 1579 quod

452 1586 625 1651 necessitate
648 1588 808 1667 compulsa
830 1606 848 1651 a
870 1588 968 1651 domo
988 1606 1045 1651 sua
1059 1589 1185 1669 propria
1199 1607 1287 1652 suam
1303 1591 1522 1655 conventriam

397 1694 438 1742 aaa
452 1676 584 1739 vicinam
615 1675 819 1755 egrederetur.
870 1675 961 1750 Quae
990 1681 1113 1757 peraeto
1143 1678 1268 1756 negotio
1298 1676 1337 1739 ad
1361 1676 1519 1758 propriam

453 1764 611 1828 remeavit!
656 1764 760 1839 Quam
787 1765 909 1845 iuvenis
935 1770 1086 1846 aspectam
1114 1766 1231 1829 ardenti
1259 1784 1365 1829 amore
1392 1765 1521 1845 diligere

452 1854 564 1935 coepit,
595 1858 624 1916 et
654 1854 806 1935 plurimos
836 1854 875 1917 ad
906 1872 973 1917 eam
1004 1854 1115 1921 direxit
1136 1856 1269 1919 nuncios
1291 1854 1419 1935 cupiens
1446 1872 1520 1917 con·

451 1943 580 2023 jungere
603 1960 636 2006 se
658 1943 710 2021 illi,
734 1961 905 2023 perquam
928 1947 1010 2006 tanto
1033 1942 1159 2007 ardebat
1180 1962 1295 2007 amore.
1337 1949 1366 2007 3.
1391 1942 1518 2017 Quibus

452 2032 612 2095 contemtis
634 2032 777 2112 juvenem
802 2032 924 2113 penitus
945 2032 1067 2112 sprevit
1114 2032 1166 2095 llle
1188 2050 1275 2111 vero,
1299 2051 1396 2112 quum
1420 2050 1454 2095 se
1476 2032 1522 2095 sic

398 2140 439 2186 aaa
455 2124 641 2183 contemtum
665 2122 800 2199 sentiret,
824 2120 935 2185 dolens
956 2121 1035 2185 adeo
1058 2121 1190 2185 efficitur
1213 2126 1246 2184 ut
1268 2122 1366 2185 nimio
1390 2120 1520 2183 infirmi-

452 2210 519 2271 tatis
549 2227 642 2272 onere
665 2214 848 2289 gravaretur.
896 2209 1025 2290 Saepius
1054 2215 1156 2274 tamen
1180 2210 1252 2274 illuc
1279 2211 1342 2273 ibat
1364 2228 1429 2289 quo
1451 2228 1520 2273 eam

452 2314 605 2377 egressam
622 2298 745 2377 viderat,
769 2298 948 2361 desiderans
963 2317 1030 2361 eam
1047 2300 1223 2377 convenire;
1247 2300 1302 2363 sed
1324 2316 1520 2379 nequaquam

453 2386 619 2467 praevaluit
641 2386 771 2451 efficere.
813 2396 842 2450 4.
860 2386 919 2451 Cui
944 2406 1016 2467 prae
1038 2388 1148 2451 dolore
1164 2388 1331 2451 lacrimanti
1345 2387 1381 2449 fit
1395 2387 1520 2450 obviam

452 2492 530 2537 anus
560 2474 718 2554 religionis
749 2475 854 2539 habitu
884 2475 1037 2555 decorata,
1073 2495 1224 2556 quaerens
1259 2494 1411 2557 quaenam
1441 2479 1521 2539 esset

398 2582 439 2629 aaa
454 2582 552 2641 causa,
576 2581 655 2643 quae
678 2582 748 2627 eum
773 2564 817 2627 sic
839 2564 944 2628 dolere
967 2566 1170 2646 compelleret
1212 2566 1273 2629 Sed
1295 2566 1417 2647 iuvenis
1439 2583 1520 2644 quae

453 2653 485 2714 in
508 2670 564 2715 sua
586 2657 757 2716 versaretur
779 2654 964 2717 conscientia
987 2655 1114 2717 minime
1137 2654 1278 2735 detegere
1301 2654 1432 2718 volebat.
1470 2653 1521 2715 Ad

453 2759 545 2821 quem
570 2760 659 2805 anus:
684 2742 810 2817 Quanto
830 2742 901 2822 quis
924 2743 1130 2807 infirmitatem
1147 2762 1234 2807 suam
1250 2743 1371 2807 medico
1387 2742 1522 2805 revelare

453 2829 609 2907 distulerit,
632 2834 715 2893 tanto
732 2831 865 2911 graviori
881 2831 994 2896 morbo
1008 2832 1124 2895 attritus
1147 2832 1247 2895 fuerit.
1272 2869 1299 2875 -
1324 2832 1398 2906 Quo
1415 2832 1521 2895 audito

453 2919 584 2982 narravit
606 2938 643 2981 ex
666 2919 775 2983 ordine
799 2939 878 3001 quae
900 2920 960 2983 sibi
982 2920 1160 2998 acciderant,
1184 2925 1213 2985 et
1235 2940 1326 2984 suum
1350 2920 1522 3001 propalavit

399 3027 440 3073 aaa
454 3012 612 3071 secretum.
658 3008 718 3071 Cui
742 3026 832 3072 anus:
865 3009 914 3072 De
941 3009 989 3072 his
1012 3010 1173 3090 quaejam
1198 3010 1299 3073 dixisti
1324 3009 1382 3073 Dei
1405 3008 1521 3072 auxilio

345 3148 348 3155 .
454 3097 624 3161 remedium
648 3098 812 3163 inveniam.
834 3135 860 3142 -
884 3100 913 3161 5.
938 3099 974 3160 Et
989 3117 1026 3161 eo
1043 3099 1147 3162 relicto
1162 3098 1201 3161 ad
1218 3099 1342 3179 propria
1364 3097 1518 3161 remeavit.

455 3188 491 3248 Et
513 3186 681 3249 caniculam
698 3205 791 3268 quam
807 3187 890 3268 apud
907 3204 940 3250 se
956 3186 1094 3265 habebat,
1118 3187 1245 3251 duobus
1260 3188 1370 3251 diebus
1385 3187 1522 3267 jejunare

454 3276 560 3355 coegit,
585 3278 614 3338 et
636 3275 687 3339 die
709 3276 797 3339 tertio
820 3294 931 3356 panem
955 3276 1053 3357 sinapi
1077 3276 1222 3339 infectum
1244 3276 1392 3356 jejunanti
1415 3276 1522 3355 largita

454 3368 506 3427 est.
546 3364 635 3438 Quae
658 3364 733 3427 dum
757 3369 897 3444 gustaret,
922 3383 994 3445 prae
1016 3363 1219 3428 amaritudine
1242 3366 1323 3429 oculi
1347 3365 1413 3445 ejus
1435 3364 1521 3427 lacri-

386 3455 440 3516 'acs
456 3452 531 3514 mari
555 3458 729 3533 coeperunt.
775 3454 863 3516 Tunc
893 3471 972 3517 anus
1002 3454 1041 3516 ad
1070 3454 1200 3517 domum
1231 3454 1360 3535 pudicae
1388 3453 1523 3516 feminae

454 3540 598 3621 perrexit,
630 3560 723 3620 quam
753 3542 874 3621 juvenis
902 3542 1075 3623 praedictus
1104 3543 1182 3606 adeo
1213 3544 1326 3606 dilexit.
1374 3548 1403 3605 6.
1431 3541 1524 3616 Quae

454 3629 626 3693 honorifice
649 3649 707 3709 pro
731 3648 842 3709 magna
865 3631 1024 3711 religionis
1051 3633 1153 3712 specie
1179 3633 1219 3695 ab
1247 3650 1282 3694 ea
1304 3634 1444 3712 suscepta
1467 3635 1521 3694 est.

456 3719 544 3781 Hanc
570 3723 672 3781 autem
702 3736 757 3781 sua
786 3720 972 3800 sequebatur
1001 3721 1147 3783 canicula.
1198 3720 1370 3801 Quumque
1396 3719 1524 3783 vidisset

455 3806 564 3869 mulier
588 3808 638 3869 illa
661 3807 828 3871 caniculam
846 3808 1061 3886 lacrimantem,
1081 3810 1232 3889 quaesivit
1253 3808 1329 3891 quid
1346 3809 1472 3871 haberet
1494 3813 1524 3871 et

400 3916 441 3961 alo
456 3914 550 3976 quare
578 3897 793 3959 lacrimaretur.
839 3897 927 3959 Anus
957 3898 996 3960 ad
1027 3898 1114 3961 haec:
1145 3898 1311 3961 Carissima
1342 3898 1451 3974 amica,
1483 3915 1524 3959 ne

455 4003 583 4065 quaeras
606 3986 682 4065 quid
706 3986 752 4064 sit,
777 3985 863 4065 quod
886 3985 965 4048 adeo
982 4003 1113 4066 magnus
1128 3986 1220 4049 dolor
1235 3992 1280 4050 est
1296 3987 1382 4067 quod
1400 4004 1522 4066 nequeo

455 4074 563 4139 dicere.
595 4110 622 4118 —
659 4075 772 4139 mulier
801 4092 875 4137 vero
907 4075 1005 4155 magis
1035 4074 1196 4154 instigabat
1225 4080 1259 4138 ut
1287 4075 1408 4139 diceret
1461 4075 1522 4139 Cui

455 4182 544 4227 anus:
581 4164 665 4227 Haec
688 4182 780 4245 quam
805 4162 957 4243 conspicis
987 4163 1123 4226 canicula
1153 4182 1222 4226 mea
1251 4168 1314 4226 erat
1342 4164 1413 4241 iilia,
1443 4169 1523 4227 easta
