3584 4884
849 454 1069 511 ..⁶3-

427 628 525 690 Vnam
543 644 668 706 paruam
686 625 877 706 peticionem,
901 631 1064 704 antequam
1080 626 1202 703 moriar,
1219 623 1375 686 humiliter
1390 629 1492 704 peto!

428 715 492 790 Qui
515 715 568 777 ait:
603 714 696 779 „Pete
721 733 740 776 a
768 733 817 777 me
845 713 921 793 quid
950 714 1099 776 volueris!
1148 715 1184 776 Et
1210 714 1236 776 si
1266 717 1312 776 est
1338 713 1496 793 possibile,

427 804 482 867 tibi
506 804 618 867 dabo.u
667 803 706 866 nt
729 803 791 866 illa:
824 803 919 868 „Post
941 821 1045 865 meum
1070 803 1230 866 decessum
1253 802 1343 864 aliam
1367 819 1495 864 vxorem

428 893 566 973 accipies,
608 892 698 971 Rogo
722 895 755 954 ut
782 892 832 954 illa
855 896 1032 972 potestatem
1057 891 1273 971 supersilium
1298 909 1401 952 meum
1430 907 1495 952 non

376 1001 402 1045 n
430 982 551 1059 habeat,
581 981 635 1044 sed
660 981 810 1043 nutriatur
833 981 926 1060 longe
948 981 988 1043 ab
1011 999 1055 1057 ea,
1078 985 1112 1042 ut
1135 980 1231 1060 possit
1253 979 1437 1059 sapiendam
1461 997 1497 1040 ac

429 1071 599 1133 doctrinam
623 1071 810 1149 acquireret
847 1069 899 1132 Ait
922 1069 1099 1150 imperator:
1126 1068 1291 1146 „Domina
1314 1078 1397 1130 tuam
1422 1068 1496 1147 peti-

429 1160 550 1222 cionem
567 1158 736 1221 concedo.¹⁴
776 1158 846 1220 l·liis
861 1158 950 1221 dictis
964 1158 1052 1220 vertit
1071 1176 1104 1220 se
1126 1157 1165 1220 ad
1184 1158 1328 1238 parietem
1352 1161 1382 1219 et
1397 1156 1498 1218 emisit

429 1248 580 1328 spiritum.
627 1249 794 1327 Imperator
816 1247 920 1309 multis
942 1246 1054 1310 diebus
1077 1251 1206 1310 mortem
1230 1246 1296 1309 eius
1326 1245 1442 1326 planxit
1468 1249 1498 1307 et

429 1354 496 1399 eam
536 1336 707 1399 honorifice
745 1335 902 1416 sepulture
934 1335 1068 1399 tradidit.
1128 1335 1201 1398 Post
1235 1335 1301 1398 eius
1334 1334 1495 1397 decessum

376 1443 403 1488 no
431 1425 596 1506 imperator
629 1425 720 1488 tristis
753 1424 843 1486 valde
873 1428 936 1486 erat
966 1443 1023 1487 nec
1055 1443 1074 1486 a
1103 1424 1202 1486 multo
1237 1429 1374 1503 tempore
1407 1423 1496 1485 vxori

430 1513 567 1594 copulari
591 1514 722 1576 uolebat.
768 1513 850 1576 Cum
874 1530 949 1576 vero
977 1513 1071 1576 semel
1095 1513 1126 1574 in
1150 1516 1242 1575 stratu
1266 1530 1324 1575 suo
1348 1512 1496 1588 iacuisset,

430 1602 574 1682 cogitauit
612 1601 651 1664 de
684 1602 751 1665 lilio
786 1620 844 1666 suo
881 1601 988 1664 intime
1022 1602 1189 1680 dicensque
1229 1602 1259 1662 in
1294 1600 1389 1663 corde
1422 1618 1495 1662 suo:

434 1691 584 1757 „Tantum
608 1691 732 1754 vnicum
748 1691 848 1753 tilium
866 1691 974 1768 habeo,
998 1691 1052 1769 qui
1069 1691 1157 1753 heres
1173 1708 1261 1752 meus
1276 1689 1340 1752 erit.
1373 1689 1496 1752 Bonum

431 1785 476 1844 est
506 1785 551 1858 ut,
586 1799 656 1844 cum
692 1780 814 1843 iuuenis
848 1780 951 1856 fuerit,
986 1779 1156 1842 doctrinam
1191 1783 1282 1858 atque
1312 1778 1496 1858 sapienciam

377 1887 405 1934 aa
432 1869 575 1948 addiscat,
599 1887 655 1950 per
678 1887 770 1948 quam
795 1873 866 1949 post
889 1887 992 1930 mcum
1009 1868 1178 1930 discessum
1203 1867 1367 1948 imperium
1392 1884 1498 1946 regere

433 1959 555 2039 possit.u
599 1959 690 2020 Mane
712 1975 794 2034 vern,
819 1977 889 2020 cum
914 1957 1051 2034 surrexit,
1074 1957 1198 2019 uocauit
1219 1961 1354 2036 satrapas
1376 1954 1497 2035 imperii

432 2053 461 2110 et
483 2065 577 2127 super
592 2047 652 2109 hoc
667 2047 831 2109 consilium
848 2047 987 2110 habebat.
1023 2047 1063 2108 At
1078 2045 1134 2107 illi:
1161 2045 1326 2121 „Domine
1350 2045 1381 2105 in
1399 2044 1499 2112 Roma

432 2140 504 2198 sunt
527 2137 597 2198 .Vll.
615 2135 774 2215 sapientes,
798 2136 852 2214 qui
869 2153 978 2197 omnes
995 2135 1156 2214 magistros
1173 2133 1281 2196 mundi
1298 2134 1329 2194 in
1346 2133 1499 2212 sapiencia

431 2243 467 2287 ac
489 2224 627 2287 doctrina
650 2224 808 2288 excellunt
854 2225 942 2288 Vnus
969 2242 1077 2287 eorum
1105 2227 1238 2300 vocetur,
1273 2223 1332 2301 (Bl.
1358 2222 1445 2299 38ν.)
1470 2226 1500 2283 et

378 2332 406 2377 eo
433 2313 475 2373 illi
499 2330 576 2393 puer
598 2312 731 2374 tradatur
754 2312 793 2374 ad
818 2313 1016 2375 nutriendum
1033 2332 1068 2375 ac
1090 2312 1362 2374 doctrinandum!u
1401 2312 1498 2390 lmpe-

436 2405 518 2463 rator
540 2419 613 2464 vero
637 2401 735 2463 statim
760 2401 871 2463 litteras
898 2402 992 2464 anulo
1019 2420 1078 2464 suo
1101 2401 1233 2480 signatas
1256 2401 1338 2462 misit
1359 2399 1399 2460 ad
1423 2399 1496 2461 .Vll.

435 2489 593 2569 sapientes
623 2493 656 2551 ut
678 2490 745 2552 sine
769 2490 904 2553 ulteriori
928 2490 1079 2552 dilacione
1101 2490 1140 2551 ad
1163 2508 1234 2551 eum
1259 2490 1405 2551 venirent.
1454 2487 1499 2549 lili

434 2597 508 2641 vero
524 2579 622 2640 statim
638 2583 795 2642 venerunt.
820 2577 902 2641 Cum
914 2584 1015 2641 autem
1029 2580 1189 2654 venissent,
1205 2579 1247 2639 ait
1261 2578 1305 2640 eis
1321 2577 1498 2657 imperator:

437 2667 552 2741 „Scitis
587 2667 745 2744 karissimi,
779 2685 874 2746 quare
906 2686 963 2747 pro
998 2668 1090 2730 uobis
1124 2667 1318 2730 misissem?u
1373 2666 1413 2727 nt
1442 2665 1499 2727 illi:

380 2776 407 2821 aa
438 2756 603 2834 „Domine
628 2756 750 2836 penitus
773 2757 981 2835 ignoramus.¹⁴
1030 2756 1094 2830 Qui
1117 2757 1172 2817 ait:
1199 2755 1350 2820 „Tantum
1373 2754 1499 2816 vnicum

434 2845 533 2906 filium
551 2845 658 2923 habe0,
682 2845 760 2907 sicut
775 2845 864 2908 vobis
884 2845 963 2908 bene
978 2849 1103 2922 constat,
1127 2863 1219 2924 quem
1236 2844 1275 2906 ad
1291 2842 1499 2919 nutriendum,

435 2933 671 2996 doctrinandum
695 2935 786 2996 vobis
815 2933 940 3010 tradam,
972 2938 1006 2996 ut
1028 2952 1083 3014 per
1104 2938 1234 2996 vestram
1266 2932 1436 2995 doctrinam
1465 2949 1501 2993 ac

434 3024 618 3103 sapienciam
644 3023 740 3103 possit
763 3023 927 3104 imperium
959 3027 1028 3103 post
1051 3040 1154 3084 meum
1179 3021 1339 3085 decessum
1363 3035 1496 3100 regeret

435 3113 485 3174 Ait
508 3113 627 3192 primus
649 3113 799 3192 magister,
823 3111 872 3174 cui
896 3130 1010 3174 nomen
1036 3111 1195 3173 Bantillus:
1227 3111 1392 3186 „Domine
1415 3109 1501 3172 trade

381 3222 409 3266 40
437 3201 528 3264 michi
560 3202 660 3268 lilium
690 3205 777 3263 tuum
808 3200 847 3263 ad
879 3199 1076 3262 nutriendum
1107 3204 1137 3262 et
1165 3199 1416 3262 doctrinandum!
1465 3199 1503 3260 Et

436 3308 507 3351 eum
538 3291 645 3353 faciam
677 3291 754 3353 scire
785 3295 933 3368 quantum
965 3308 1024 3368 ego
1051 3289 1116 3351 scio
1143 3293 1173 3350 et
1200 3306 1310 3351 omnes
1336 3287 1410 3350 socii
1440 3288 1500 3349 mei

436 3379 536 3440 sciunt
559 3380 636 3441 infra
660 3379 729 3441 .Vll.
746 3391 872 3442 annost
910 3378 961 3440 Ait
975 3377 1130 3441 secundus
1145 3378 1296 3456 magister,
1319 3377 1368 3439 cui
1385 3394 1500 3438 nomen

438 3467 595 3530 Lentulus:
623 3467 787 3545 „Domine
810 3486 829 3528 a
852 3468 949 3529 multo
972 3472 1111 3547 tempore
1133 3466 1187 3529 tibi
1210 3466 1325 3528 seruiui
1348 3469 1378 3528 et
1399 3464 1503 3527 adhuc

438 3555 609 3617 mercedem
634 3555 774 3616 nondum
799 3556 912 3636 accepi.
956 3556 1017 3619 Pro
1042 3555 1182 3618 mercede
1205 3554 1298 3617 nichil
1321 3553 1404 3616 aliud
1430 3558 1502 3632 peto

383 3661 410 3706 an
437 3643 495 3705 nisi
519 3647 553 3705 ut
576 3643 667 3706 michi
692 3644 791 3706 filium
815 3644 854 3706 ad
878 3645 1075 3707 nutriendum
1099 3644 1208 3706 tradas.
1252 3645 1287 3705 Et
1309 3661 1369 3722 ego
1391 3642 1501 3704 faciam

437 3749 508 3794 eum
540 3732 616 3794 scire
647 3737 795 3810 quantum
827 3751 885 3812 ego
916 3733 979 3796 scio
1010 3738 1039 3795 et
1068 3750 1177 3796 omnes
1206 3732 1281 3794 socii
1312 3731 1371 3792 mei
1402 3731 1504 3792 sciunt

438 3819 516 3882 infra
539 3821 598 3884 .Vl.
621 3835 748 3883 annos.u
796 3821 846 3882 nit
868 3822 978 3884 tercius
1002 3822 1152 3901 magister,
1176 3821 1224 3883 cui
1249 3839 1363 3883 nomen
1389 3820 1502 3887 Katho:

441 3947 453 3974 n
462 3909 605 3986 Domine,
629 3909 732 3989 sepius
756 3911 786 3970 in
811 3909 948 3989 periculo
964 3911 1024 3972 vite
1047 3929 1115 3972 mee
1136 3915 1235 3972 tecum
1261 3928 1343 3971 mare
1366 3905 1502 3970 transiui.

438 4000 607 4079 Nunquam
632 3998 803 4060 mercedem
827 4017 845 4060 a
867 4003 896 4060 te
919 3999 1057 4077 optinere
1081 3998 1176 4078 potui.
1211 3999 1313 4060 Nichil
1336 3997 1420 4059 aliud
1444 4015 1503 4077 pro

384 4107 411 4152 no
439 4088 578 4151 mercede
602 4105 699 4167 quero
728 4087 785 4150 nisi
810 4091 843 4148 ut
869 4086 970 4148 tradas
992 4087 1085 4148 michi
1109 4087 1208 4148 lilium
1232 4087 1270 4148 ad
1295 4085 1502 4161 nutriendum,

439 4177 683 4240 doctrinandum.
716 4176 751 4236 Et
772 4192 832 4252 ego
855 4174 963 4234 faciam
987 4191 1058 4234 eum
1082 4175 1159 4236 scire
1182 4180 1331 4253 quantum
1355 4192 1414 4253 ego
1437 4175 1503 4236 scio
