3584 4884
847 446 1091 507 -158-

436 638 526 683 meus
556 620 596 683 ita
625 625 744 683 cantare
766 620 912 684 solebatu
961 622 1036 695 Quo
1059 623 1175 700 audito,
1207 623 1350 686 sacerdos
1381 624 1507 687 erubuit

436 714 465 771 et
487 709 570 773 unde
594 710 709 790 putavit
730 728 764 773 se
787 715 942 791 reportare
958 710 1080 773 laudem
1097 712 1312 775 contusionem
1329 714 1505 793 reportavit

821 859 850 915 9.
892 852 945 932 [=
970 854 1029 916 Νο.
1055 854 1116 933 62.]

526 975 685 1038 Demones
708 975 861 1055 siquidem
878 976 1083 1039 assimilantur
1098 976 1277 1040 satellitibus
1291 977 1348 1039 viri
1370 979 1505 1058 potentis

435 1064 497 1143 qui,
521 1082 591 1126 cum
615 1063 763 1127 ducerent
791 1064 949 1127 hominem
978 1066 1018 1127 ad
1041 1066 1253 1147 suspendium,
1284 1066 1440 1131 venientes
1463 1068 1504 1129 ad

381 1168 421 1215 rau
435 1152 543 1216 silvam
566 1152 709 1215 dixemnt
731 1152 788 1215 illi:
822 1153 974 1234 „oportet
1000 1154 1086 1234 quod
1117 1154 1343 1235 suspendamus
1370 1160 1398 1218 te
1426 1156 1506 1219 sicut

435 1242 606 1321 injunctum
641 1245 686 1304 est
719 1241 820 1319 nobis,
858 1242 913 1305 sed
948 1244 1027 1306 hanc
1060 1243 1189 1306 iacimus
1223 1244 1349 1321 gratiam
1385 1249 1426 1323 ut,
1466 1264 1505 1307 ex

435 1329 583 1393 omnibus
604 1330 769 1394 arboribus
797 1331 889 1411 hujus
917 1331 1000 1409 silve,
1032 1332 1127 1411 eligas
1157 1332 1211 1395 tibi
1241 1333 1375 1412 aliquam
1407 1352 1502 1413 quam

436 1418 579 1482 malueris
610 1423 643 1481 ut
673 1419 705 1481 in
736 1419 788 1481 illa
824 1421 1031 1500 suspendaris,
1071 1420 1181 1483 multas
1218 1422 1300 1483 enim
1331 1422 1452 1501 pulcras
1476 1428 1506 1485 et

436 1525 577 1589 proceras
612 1508 762 1585 invenias,
800 1525 862 1587 que
895 1514 925 1573 te
959 1510 1039 1572 bene
1076 1510 1288 1573 sustentabunt
1322 1515 1351 1573 et
1388 1512 1504 1591 poteris

381 1614 421 1660 no
437 1596 608 1660 honorilice
641 1596 817 1677 suspendi.r
877 1597 959 1661 Cum
998 1602 1099 1661 autem
1137 1598 1285 1661 ducerent
1322 1598 1408 1661 illum
1448 1618 1505 1680 per

435 1686 571 1748 diversas
593 1685 719 1749 arbores
734 1685 887 1750 dicebant:
915 1724 928 1753 l
936 1687 1036 1750 Placet
1058 1687 1112 1750 tibi
1132 1688 1226 1751 arbor
1249 1687 1346 1751 ista?u
1383 1688 1423 1750 nt
1438 1688 1503 1751 ille:

438 1774 531 1839 „Non
562 1774 659 1855 placet
689 1774 773 1852 mihi,
805 1774 837 1836 in
868 1775 924 1839 ista
948 1776 1023 1839 nolo
1052 1776 1228 1855 suspendi.r
1279 1777 1314 1839 Et
1345 1794 1416 1839 cum
1448 1796 1505 1857 per

435 1881 545 1926 omnes
567 1864 722 1927 transisset
744 1881 914 1943 numquam
933 1865 1070 1927 invenire
1080 1865 1187 1945 potuit
1210 1883 1303 1944 quam
1327 1870 1503 1946 acceptaret

813 2013 861 2067 1ο.
901 2006 954 2085 [=
979 2006 1038 2068 Νο.
1064 2006 1125 2086 od]

523 2129 636 2192 Audivi
661 2128 700 2191 de
723 2130 859 2208 quodam
888 2148 1022 2210 paupere
1050 2130 1126 2193 laico
1150 2130 1213 2209 qui,
1244 2130 1378 2211 propriis
1405 2132 1504 2194 mani-

381 2235 422 2281 us
437 2220 496 2281 bus
526 2217 705 2294 laborando,
739 2218 851 2281 victum
882 2223 1005 2281 tenuem
1038 2219 1123 2282 omni
1155 2218 1205 2281 die
1235 2219 1294 2282 sibi
1317 2220 1503 2300 acquirebat,

435 2325 492 2369 nec
528 2306 555 2368 ei
595 2306 758 2387 plusquam
801 2311 921 2369 cenaret
960 2308 1125 2388 quicquam
1168 2308 1351 2371 remanebat
1405 2308 1503 2372 Omni

435 2398 524 2457 nocte
554 2394 733 2475 priusquam
765 2394 914 2457 dormiret
944 2396 1074 2459 multum
1113 2397 1251 2459 cantabat
1288 2400 1318 2459 et
1355 2398 1504 2461 letabatur

435 2484 466 2545 in
493 2483 618 2562 tugurio
647 2501 706 2545 suo
733 2501 803 2545 cum
832 2502 930 2547 uxore
959 2503 1023 2563 sua,
1054 2489 1083 2547 et
1110 2488 1180 2566 post
1207 2486 1336 2548 modum
1366 2486 1444 2549 letus
1473 2492 1504 2551 et

434 2589 560 2635 securus
582 2571 762 2635 dormiebat
801 2571 944 2636 Cantabit
974 2592 1089 2636 vacuus
1119 2592 1222 2637 coram
1253 2574 1369 2638 latrone
1395 2575 1502 2639 viator.

381 2679 421 2725 ra>
435 2659 534 2724 Vicini
557 2664 658 2722 autem
682 2660 756 2739 ejus,
780 2661 833 2740 qui
854 2661 963 2724 divites
979 2666 1070 2741 erant,
1095 2680 1254 2742 nunquam
1272 2664 1432 2727 cantabant
1446 2664 1502 2727 sed

434 2768 555 2830 semper
578 2749 609 2811 in
640 2750 721 2812 curis
751 2753 780 2811 et
809 2750 1077 2828 sollicitudinibus,
1108 2751 1140 2813 in
1171 2752 1281 2815 timore
1306 2756 1336 2815 et
1361 2754 1503 2832 angustia

435 2839 661 2919 permanebant.
708 2837 790 2902 Cum
813 2844 915 2902 autem
939 2839 978 2902 de
1001 2844 1085 2903 tanto
1113 2840 1229 2920 gaudio
1252 2840 1334 2903 illius
1357 2843 1503 2923 pauperis

434 2928 617 2991 mirarentur
639 2932 668 2990 et
690 2927 816 3008 quidam
840 2932 1067 2991 murmurarent
1086 2934 1114 2991 et
1137 2934 1399 3009 conquererentur
1414 2932 1501 3010 quod

434 3036 551 3099 pauper
574 3018 632 3094 ille,
663 3017 738 3079 dum
763 3022 901 3094 cantaret,
933 3036 996 3081 non
1026 3018 1139 3081 sineret
1169 3036 1223 3081 eos
1251 3019 1395 3095 dormire,
1426 3019 1502 3083 dixit

381 3124 421 3171 rau
436 3107 562 3187 quidam
593 3106 682 3169 valde
712 3106 799 3169 dives
825 3107 932 3169 vicinis
959 3106 1036 3170 suis:
1070 3107 1153 3171 „Vos
1183 3107 1304 3170 nescitis
1335 3108 1501 3188 quicquam

435 3215 492 3258 nec
514 3195 659 3275 cogitatis,
690 3214 749 3275 ego
780 3195 907 3259 reddam
931 3214 1002 3258 eum
1030 3196 1119 3259 talem
1152 3195 1239 3276 quod
1271 3214 1327 3259 nec
1355 3196 1504 3276 gaudebit

436 3303 492 3347 nee
514 3284 654 3347 cantandi
671 3284 796 3347 habebit
810 3286 1028 3347 voluntatem.t
1056 3285 1151 3361 Tunc,
1176 3284 1370 3365 presentibus
1393 3286 1502 3349 vicinis

435 3390 515 3452 quos
544 3372 747 3435 absconderat
787 3374 818 3435 in
852 3373 990 3453 quodam
1022 3374 1091 3437 loco
1121 3377 1155 3435 ut
1184 3374 1324 3436 viderent
1353 3378 1382 3437 et
1411 3379 1502 3438 testes

434 3465 542 3539 essent,
566 3460 694 3541 projecit
714 3462 870 3524 sacculum
894 3480 964 3525 cum
989 3463 1119 3544 pecunia
1133 3467 1203 3526 ante
1218 3462 1330 3525 ostium
1348 3464 1500 3544 pauperis,

380 3568 420 3613 rso
436 3549 486 3611 illa
509 3549 586 3611 hora
609 3568 671 3628 qua
699 3549 817 3612 solebat
846 3551 929 3613 exire
952 3556 985 3613 ut
1007 3552 1121 3615 victum
1151 3555 1293 3631 quereret
1319 3570 1356 3614 ex
1386 3552 1500 3615 labore.

435 3639 558 3699 inventa
580 3643 681 3700 autern
713 3639 850 3718 pecunia,
883 3658 1024 3703 reversus
1054 3644 1099 3703 est
1128 3640 1159 3703 in
1190 3640 1320 3703 domum
1351 3657 1438 3703 suam
1473 3646 1503 3704 et

434 3725 596 3789 abscondit
619 3726 710 3790 illam.
750 3727 931 3791 lmminente
953 3732 1054 3790 autein
1078 3734 1176 3807 nocte,
1200 3730 1279 3809 cepit
1301 3728 1410 3793 anxius
1433 3746 1501 3793 esse

434 3819 463 3877 et
484 3814 640 3892 sollicitus,
673 3834 710 3877 ex
733 3833 795 3877 una
824 3821 909 3895 parte
939 3820 1079 3880 metuens
1109 3836 1148 3880 ne
1175 3818 1307 3881 latrones
1338 3818 1500 3898 pecuniam

434 3904 613 3982 furarentur,
637 3922 674 3966 ex
689 3903 747 3966 alia
762 3908 846 3983 parte
861 3904 1033 3968 formidans
1047 3906 1072 3968 si
1089 3906 1129 3968 de
1144 3906 1273 3987 pecunia
1289 3906 1501 3987 possessiones

292 4046 294 4050 .
380 4011 421 4055 ros
435 3997 548 4056 emeret
574 3997 604 4055 et
630 3992 741 4056 melius
769 3993 861 4056 solito
890 4011 925 4057 se
955 3993 1095 4057 indueret
1125 3995 1165 4057 ab
1193 3994 1247 4057 illo
1277 3996 1331 4074 qui
1361 3995 1502 4059 amiserat

435 4082 595 4162 pecuniam
634 4082 681 4145 vel
711 4101 730 4145 a
767 4082 897 4145 domino
935 4087 1013 4145 terre
1051 4082 1331 4164 deprehenderetur
1362 4088 1392 4147 et
1428 4084 1500 4147 furti

435 4175 620 4250 argueretur.
667 4172 700 4231 ln
735 4170 792 4232 hac
825 4188 900 4248 ergo
935 4170 1118 4248 cogitatione
1148 4175 1178 4231 et
1211 4172 1321 4233 mentis
1352 4172 1500 4235 anxietate
