3584 4884
873 448 1093 502 ..20-

508 617 557 681 ild
581 618 711 681 domum
736 622 834 698 portat
857 618 1014 699 propriam
1082 617 1270 681 seductionis
1293 618 1447 681 bucinam.

510 708 678 787 Nunquam
702 706 844 770 sacerdos
866 707 945 770 alius
1013 707 1137 771 moestis
1159 707 1251 769 tubae
1273 706 1443 786 mugitibus

455 814 495 861 220
512 796 670 859 Bucinavit
692 795 878 875 profundius
945 813 1038 875 quam
1061 795 1164 859 fatuus
1186 796 1385 876 praepositus.

510 884 669 958 Quantum
692 884 784 947 tubae
811 885 990 962 concavitas,
1057 888 1174 947 tantum
1199 884 1324 964 prodest
1345 885 1520 951 ventositas.

511 974 553 1039 Ut
576 973 683 1036 revixit
705 973 887 1054 presbytera,
955 974 1000 1037 sic
1022 973 1152 1037 surrexit
1177 974 1358 1053 praeposita.

510 1062 611 1141 Maior
632 1062 721 1125 villae
745 1080 808 1125 non
832 1066 877 1126 est
900 1062 1003 1125 minor
1070 1062 1100 1125 in
1125 1066 1217 1140 reatu,
1239 1062 1265 1125 si
1289 1062 1412 1139 tardior,

510 1150 574 1225 Qui
602 1168 735 1232 sponsae
757 1151 834 1214 vitae
862 1150 996 1231 dissipat
1064 1150 1118 1230 qui
1142 1151 1272 1228 bucinat,
1301 1168 1364 1213 non
1388 1152 1521 1215 suscitat.

455 1259 496 1307 220
511 1240 586 1303 Tres
608 1239 746 1320 gebulae,
770 1244 829 1303 tres
853 1245 991 1303 mortuae
1058 1244 1287 1320 praesentantur
1309 1239 1460 1318 ecclesiae,

511 1328 591 1393 Orto
614 1328 689 1392 tristi
713 1328 849 1392 diluculo
917 1347 988 1392 cum
1012 1328 1135 1409 lugubri
1159 1328 1340 1408 spectaculo,

509 1417 703 1499 Sponsorum
727 1417 786 1481 sub
811 1418 928 1481 insania
995 1417 1183 1481 infossantur
1205 1417 1358 1494 cadavera,

509 1506 584 1569 Tres
607 1505 795 1570 occultantur
817 1506 966 1586 coniuges
1033 1524 1088 1587 per
1109 1506 1236 1569 threnos
1258 1506 1475 1570 lamentabiles

511 1593 732 1659 Discendentes
754 1614 772 1657 a
795 1595 921 1658 tumulis
989 1595 1021 1657 in
1045 1594 1220 1675 profundiis
1246 1595 1386 1676 suspiriis

455 1704 496 1751 220
511 1683 586 1747 Tres
608 1688 767 1747 susurrant
788 1684 828 1746 ad
852 1684 996 1747 invicem:
1065 1683 1252 1747 Occidamus
1277 1684 1464 1761 Unibovem,

511 1771 575 1847 Qui
599 1790 689 1853 gazas
713 1776 831 1836 nostras
853 1772 982 1850 sustulit,
1050 1772 1114 1835 suis
1137 1773 1239 1835 verbis
1262 1790 1321 1835 nos
1343 1772 1475 1851 tradidit,

512 1861 599 1925 Dum
620 1860 697 1925 dixit
717 1862 912 1941 iuvenescere
979 1879 1057 1924 anus
1080 1861 1199 1941 mugitu
1224 1862 1362 1925 bucinae.

510 1950 626 2015 Auctor
647 1951 719 2013 tanti
744 1950 870 2031 periculi
937 1969 956 2013 a
979 1950 1070 2013 nobis
1093 1950 1189 2030 possit
1212 1951 1340 2029 conteri,

512 2040 585 2119 Ejus
608 2038 729 2103 invadat
751 2040 893 2103 verticem
962 2057 1064 2102 amara
1086 2057 1172 2103 mors
1195 2039 1382 2119 ignobilem‘.

456 2145 497 2191 220
512 2128 624 2191 Mentis
647 2129 793 2192 commoti
818 2128 963 2191 fluctibus
1029 2128 1069 2191 ad
1091 2146 1176 2191 arma
1198 2132 1326 2191 currunt
1347 2129 1498 2209 protinus,

509 2216 665 2279 Artificem
689 2216 839 2281 versutiae
907 2217 1036 2280 occisuri
1059 2216 1232 2281 durissime.

510 2304 667 2368 Calliditas
692 2305 846 2370 Unibovis
914 2306 1006 2385 plena
1028 2305 1132 2369 multis
1154 2306 1285 2385 ingeniis

510 2392 670 2473 Superavit
691 2393 861 2473 Jactantiam
929 2394 1022 2456 trium
1049 2394 1187 2457 virorum
1210 2394 1369 2459 fervidam.

509 2480 558 2545 Ad
582 2499 658 2546 suos
680 2483 774 2545 currit
798 2482 930 2561 Unibos,
1002 2482 1161 2562 quondam
1186 2501 1310 2563 pauper,
1333 2482 1491 2564 denarios;

456 2589 497 2635 200
511 2571 645 2635 Massam
669 2570 709 2634 de
732 2572 869 2635 nummis
891 2571 1006 2652 accipit,
1073 2576 1206 2635 armatos
1229 2572 1332 2635 hostes
1354 2572 1476 2654 decipit

511 2660 628 2740 Equam
652 2660 742 2723 trahit
764 2659 803 2723 de
826 2660 957 2738 stabulo,
1024 2659 1152 2723 caudam
1177 2661 1255 2723 levat
1277 2661 1347 2741 plus
1369 2662 1470 2738 solito,

511 2750 543 2810 ln
568 2752 691 2835 naturae
713 2748 864 2813 foramine
932 2766 1079 2812 nummos
1101 2753 1192 2817 cerat
1215 2750 1406 2830 immergere.

511 2838 543 2899 ln
568 2837 672 2900 medio
695 2838 821 2917 tugurio
889 2856 987 2917 equae
1009 2838 1160 2901 ionnatur
1181 2839 1270 2902 statio

509 2926 648 3006 Moxque
669 2926 809 3005 jumento
832 2926 998 2990 candidum
1067 2927 1212 3007 expandit
1233 2946 1332 2990 unum
1355 2927 1493 2993 linteum.

455 3016 544 3079 20012
568 3014 690 3079 foribus
712 3015 826 3096 tugurii
893 3015 1007 3078 adsunt
1028 3019 1089 3079 tres
1109 3015 1283 3081 adversarii.

511 3104 595 3167 Dum
620 3104 775 3167 minantur
803 3104 990 3182 Unibovem,
1057 3122 1180 3167 causam
1208 3105 1314 3167 vident
1339 3105 1521 3169 mirabilem.

510 3193 585 3279 Tres
607 3197 686 3257 stant
709 3194 740 3255 in
764 3193 879 3257 domus
902 3193 1008 3255 limine
1074 3192 1212 3256 volentes
1235 3194 1416 3257 interiiicere

511 3283 698 3360 Unibovem,
715 3282 769 3346 sed
786 3301 849 3345 non
865 3282 974 3359 valent,
1041 3280 1080 3344 de
1096 3300 1180 3345 novo
1195 3282 1275 3345 iacto
1298 3283 1373 3345 dum
1390 3288 1520 3364 stupent,

510 3370 713 3435 Observantis
736 3371 875 3435 officium
946 3370 1102 3436 Unibovis
1123 3376 1316 3451 argenteum:

455 3476 496 3523 aso
512 3459 575 3532 Qui
586 3465 684 3523 costas
696 3478 793 3539 equae
804 3460 880 3523 dum
893 3460 986 3538 fricat,
1021 3463 1141 3540 partum
1154 3478 1355 3523 nummorum
1366 3466 1522 3541 provocat

511 3547 696 3610 Exclamant:
713 3548 809 3625 ,Quid
826 3553 877 3625 est,
896 3549 1028 3626 Unibos,
1085 3548 1172 3629 quod
1186 3549 1359 3627 iumentum
1376 3549 1521 3614 denarios

509 3636 621 3717 Aperte
644 3636 698 3699 tibi
723 3637 871 3716 parturit?
939 3638 1051 3699 Miram
1075 3655 1196 3700 causam
1221 3638 1313 3701 nobis
1336 3637 1430 3717 parit‘.

510 3724 606 3788 Caute
630 3724 789 3805 respondit
814 3725 953 3789 Unibos:
1021 3726 1147 3804 ,Videtis
1169 3727 1228 3789 hos
1250 3725 1416 3789 denarios?

511 3813 623 3876 Fundit
646 3830 793 3877 nummos
817 3813 909 3891 hujus
932 3832 1030 3893 equae
1096 3818 1200 3877 venter
1223 3832 1281 3894 pro
1303 3813 1355 3876 vili
1378 3817 1522 3880 stercore.

455 3918 496 3965 200
512 3902 570 3965 Per
594 3905 697 3965 noctes
720 3920 798 3981 equa
821 3902 958 3981 singulas
1024 3902 1098 3965 tales
1119 3902 1207 3981 jactat
1229 3902 1386 3982 pecunias,

511 3991 580 4072 Ops
603 3991 708 4071 regina
731 3990 878 4071 pecuniae
944 3990 994 4053 ani
1017 3990 1103 4053 sedet
1124 3990 1284 4053 toramine.

511 4080 644 4160 Repente
667 4079 740 4142 visis
762 4078 881 4156 talibus,
949 4077 1060 4141 auditis
1076 4078 1124 4141 his
1146 4079 1350 4157 sermonibus,

511 4170 623 4233 Hostes
646 4168 721 4229 iram
746 4167 880 4244 reiciunt,
951 4166 1088 4231 Unibovi
1111 4167 1156 4230 sic
1178 4168 1337 4246 inquiunt:
