3584 4884
829 452 1072 510 -182-

412 624 485 699 erat,
513 620 583 685 aliis
606 622 649 686 ab
677 621 723 685 eis
748 621 889 686 &clusis
935 622 1018 687 Cum
1048 628 1150 687 autem
1181 629 1360 705 quereretur
1381 626 1421 689 ab
1444 644 1485 690 eo

413 708 486 790 quis
507 714 588 773 esset
616 710 678 788 ille,
708 728 767 775 nec
796 711 849 775 ille
878 711 969 776 sciret
999 712 1044 776 eis
1073 713 1183 792 dicere,
1215 714 1346 794 quilibet
1373 732 1483 782 eorum

358 820 401 869 nc
414 797 537 863 dioebat
557 815 592 863 se
614 798 785 880 legitimum
815 799 961 864 heredem
985 806 1015 865 el
1036 802 1160 867 volebat
1189 820 1238 866 res
1259 820 1370 867 omnes
1392 821 1484 867 oocua

414 904 496 968 pare
529 886 707 951 Trahuntur
726 887 768 952 ad
788 888 955 969 iudicium,
982 888 1076 969 iudex
1099 890 1151 955 dat
1173 891 1259 955 istam
1283 893 1483 957 sentenciam:

412 974 500 1057 quod
523 980 610 1056 pater
631 981 774 1041 morosus
796 978 942 1058 ligaretur
963 978 1002 1042 ad
1026 980 1179 1057 arborem,
1203 985 1233 1043 et
1246 980 1333 1061 quod
1354 981 1484 1061 quilibet

412 1064 538 1129 haberet
565 1082 672 1129 arcum
694 1070 726 1129 et
746 1066 896 1147 sagittam,
927 1071 957 1131 et
986 1068 1040 1148 qui
1070 1068 1182 1133 melius
1211 1074 1381 1150 percuteret
1409 1088 1482 1135 eum

412 1152 551 1217 medium
587 1153 785 1219 haeditatem
823 1155 959 1221 baberet
1018 1155 1102 1220 Cum
1135 1162 1238 1221 autern
1272 1158 1338 1223 duo
1372 1177 1481 1223 eorum

358 1266 400 1313 m
413 1242 575 1307 traxissent
594 1246 626 1307 et
651 1242 743 1307 valde
764 1243 883 1308 fortiter
911 1262 1025 1327 corpus
1055 1245 1234 1325 infixissent,
1265 1247 1377 1311 tercius
1406 1248 1484 1311 dixit

413 1330 500 1412 quod
523 1348 685 1413 uunquam
706 1332 748 1396 ad
771 1338 887 1414 patrem
903 1351 995 1397 suum
1019 1334 1158 1413 traheret,
1180 1335 1244 1414 sed,
1267 1336 1293 1399 si
1316 1336 1386 1416 quis
1409 1355 1481 1400 eum

412 1418 453 1483 de
466 1424 569 1485 cetero
583 1425 760 1502 perureret,
784 1440 850 1486 non
866 1423 995 1504 impune
1011 1422 1109 1502 lieret,
1133 1428 1162 1487 et
1177 1424 1237 1489 hoc
1259 1424 1366 1489 dicens
1380 1425 1482 1493 flebat

411 1508 501 1573 Tunc
520 1508 617 1589 judex
637 1510 784 1591 judicavit
805 1528 877 1574 eum
895 1530 1005 1575 verum
1029 1512 1174 1577 heredem
1198 1517 1228 1577 et
1248 1512 1327 1577 ahos
1348 1514 1481 1596 spurios,

412 1598 486 1680 quia
507 1599 653 1664 naturalis
675 1599 836 1664 instinctus
858 1600 891 1663 in
914 1600 1131 1681 compassione
1148 1602 1248 1683 patris
1270 1620 1342 1665 eum
1365 1602 1483 1667 adhoc

357 1712 400 1760 m
414 1686 605 1770 impellebat,
635 1688 720 1753 unde
746 1693 872 1771 propter
900 1690 961 1753 boc
990 1690 1155 1770 vulgariter
1180 1690 1291 1755 dicitur
1318 1691 1404 1771 quod
1427 1710 1483 1755 cor

413 1794 478 1841 nou
501 1778 654 1843 menb'tur.

819 1930 868 1985 u.
915 1920 969 2003 [=
994 1918 1024 1985 s.
1054 1920 1136 2002 tau]

501 2044 615 2110 Audivi
639 2046 700 2111 boc
718 2046 895 2128 exemplum
917 2064 936 2109 a
959 2046 1278 2126 magistroNicholao
1298 2046 1338 2111 de
1355 2048 1480 2126 Flavini,

411 2134 645 2217 archiepiscopo
662 2134 842 2217 Bysuntino,
864 2135 896 2198 in
912 2134 1118 2213 sermonibus,
1141 2135 1236 2215 quod,
1260 2154 1330 2199 cum
1352 2136 1479 2217 quidam

412 2223 629 2305 paterfamilias
643 2224 772 2288 unicum
787 2224 888 2288 tilium
904 2241 996 2288 suum
1013 2224 1137 2304 egregie
1151 2224 1325 2302 meritasset,
1349 2225 1479 2303 ditasset,

357 2336 400 2383 sss
414 2316 444 2377 et
470 2312 563 2377 bonis
592 2313 658 2377 suis
683 2330 718 2377 se
746 2313 909 2395 spoliasset
941 2331 1014 2377 eum
1048 2312 1249 2389 investiendo,
1283 2332 1354 2378 cum
1385 2314 1480 2379 iactus

413 2404 492 2465 asset
513 2400 688 2483 decrepitus
710 2406 740 2465 et
762 2401 916 2480 infirmus,
939 2402 1100 2483 instigante
1114 2420 1218 2479 uxore,
1242 2403 1360 2483 positus
1383 2404 1479 2466 estin

411 2489 562 2555 vilissimo
585 2490 656 2555 loco
678 2489 802 2568 domus,
825 2506 920 2570 quarn
944 2491 1010 2572 ipse
1032 2490 1232 2569 edificaverat,
1256 2496 1285 2554 et
1306 2492 1357 2554 vix
1381 2493 1480 2573 potuit

412 2580 565 2645 haberes
592 2579 661 2643 tilio
683 2577 770 2643 duas
803 2579 893 2643 ulnas
915 2580 956 2643 de
985 2580 1115 2657 burello,
1150 2598 1215 2659 quo
1245 2580 1416 2660 operiretur
1446 2582 1478 2643 in

412 2668 531 2751 hyeme
578 2668 660 2735 Puer
687 2672 789 2733 autern
819 2667 957 2748 quidam,
986 2668 1071 2733 iilius
1100 2669 1166 2747 filii,
1195 2687 1289 2749 quem
1317 2669 1479 2733 tenerrime

357 2782 399 2831 san
413 2762 500 2841 pater
520 2756 677 2839 diligebat,
711 2758 773 2823 hoc
798 2761 918 2835 notans,
953 2758 1062 2837 flebat,
1087 2762 1117 2821 et
1145 2757 1265 2821 dicebat
1296 2758 1382 2838 quod
1413 2776 1477 2821 non

413 2850 543 2913 cessaret
564 2847 624 2912 nisi
647 2854 732 2931 pater
762 2864 839 2913 suus
867 2846 954 2911 daret
975 2846 1034 2911 sibi
1065 2845 1143 2909 duas
1173 2846 1261 2910 ulnas
1290 2847 1330 2910 de
1358 2847 1478 2911 burello

411 2937 490 3003 sicut
511 2936 638 3003 dederat
659 2939 750 3021 patri3
781 2955 843 3019 que
865 2954 937 3001 cum
960 2936 988 3000 ei
1016 2937 1086 2999 date
1112 2940 1221 3014 essent
1251 2954 1328 3017 puer
1350 2936 1478 3017 compli-

411 3028 491 3093 cavit
511 3032 541 3093 et
563 3026 709 3109 reposuit,
739 3027 845 3094 dicens
866 3025 954 3108 quod
986 3025 1068 3089 idem
1092 3024 1202 3089 taceret
1231 3024 1296 3105 ipse
1319 3025 1395 3105 patri
1411 3043 1478 3089 suo

411 3134 482 3183 cum
505 3134 600 3182 senex
631 3120 712 3181 esset
732 3121 767 3180 ut
787 3117 917 3182 iaciebat
946 3116 1012 3198 ipse
1040 3113 1116 3197 patri
1144 3131 1211 3192 suo,
1240 3112 1318 3177 dans
1345 3114 1372 3177 ei
1401 3113 1478 3193 duas

356 3228 399 3278 au
413 3205 503 3271 ulnas
523 3204 563 3271 ad
586 3203 840 3288 cooperiendum.

793 3355 843 3412 ιε.
892 3346 946 3427 1=
971 3346 1000 3411 s.
1028 3346 1110 3427 mo]
1246 3390 1249 3395 .

500 3471 583 3537 Cum
606 3490 667 3553 ego
690 3472 878 3554 predicarem
893 3490 1015 3535 crucem
1038 3470 1121 3552 apud
1144 3469 1352 3535 Verzeliacum
1373 3473 1478 3533 contra

411 3560 561 3625 hereticos
582 3560 774 3641 Albigenses,
797 3561 913 3625 dictum
937 3560 994 3623 tuit
1009 3560 1084 3623 mihi
1107 3578 1126 3623 a
1148 3558 1290 3640 pluribus
1312 3558 1365 3638 qui
1389 3558 1476 3621 illurn

410 3648 570 3713 hominem
602 3648 645 3713 ibi
676 3648 826 3727 viderunt,
861 3653 896 3713 ut
917 3648 1066 3727 dicebant,
1101 3652 1130 3711 et
1159 3648 1247 3711 multi
1276 3647 1307 3709 in
1336 3646 1478 3728 pluribus

410 3736 486 3803 locis
507 3736 652 3804 dixerunt
673 3736 750 3801 mihi
764 3754 803 3801 eo
826 3742 966 3819 tempore
981 3737 1139 3801 hominem
1163 3736 1284 3813 vidisse,
1308 3736 1361 3815 qui
1384 3735 1477 3799 habe·

355 3842 396 3893 tto
411 3826 461 3891 bat
484 3824 654 3890 maximum
677 3829 708 3889 et
728 3824 909 3890 horribilem
933 3824 1082 3889 bufonem
1108 3826 1138 3887 in
1162 3824 1246 3903 facie,
1278 3825 1474 3888 adherentem

410 3915 446 3995 ei,
468 3918 499 3979 et
520 3917 702 3995 suggentem
725 3930 798 3977 eum
814 3913 893 3977 inter
908 3914 1024 3989 oculos,
1048 3918 1076 3976 et
1099 3912 1194 3992 pedes
1216 3931 1291 3977 suos
1315 3913 1475 3977 habentem

410 4004 482 4069 bine
505 4002 578 4067 inde
601 4002 633 4066 in
663 4001 751 4083 genis
781 4002 861 4081 ejus,
895 4019 990 4081 quem
1014 4002 1039 4064 si
1068 4001 1221 4065 laboraret
1242 4002 1353 4083 aliquis
1374 4002 1414 4065 ab
1437 4019 1476 4065 eo

410 4097 557 4169 excutere,
590 4089 768 4155 mirabiliter
797 4091 895 4153 homo
927 4088 1026 4153 dictus
1057 4088 1276 4153 cruciabatur.'
1302 4090 1371 4169 Sed,
1404 4090 1476 4169 quia

408 4180 522 4245 sciebat
537 4180 624 4243 illum
641 4177 683 4242 ibi
699 4194 766 4241 esse
781 4176 889 4240 divino
903 4176 1028 4255 judicio,
1050 4176 1189 4239 visitabat
1208 4178 1275 4241 loca
1290 4182 1475 4255 sanctorum,
