3584 4884
829 436 1074 494 —tts-

416 608 487 690 plus
510 613 614 690 posset
627 608 656 671 ei
671 608 771 671 valere
793 625 887 687 quam
911 626 1009 671 unum
1034 626 1174 689 regnum.
1202 610 1335 689 Juvenis,
1359 616 1485 677 mortuo

416 702 508 779 patre,
546 716 600 761 rex
633 696 691 761 fuit
718 696 829 774 iaetus;
866 698 961 761 verba
991 697 1047 761 ista
1079 698 1200 779 scripsit
1230 698 1261 761 in
1293 701 1416 777 mensis,
1451 702 1484 763 in

361 804 403 851 uo
418 786 538 868 mappis
564 791 594 850 et
622 785 777 867 mappulis
806 786 894 848 etin
924 786 993 849 aliis
1022 785 1115 850 rebus
1145 788 1199 851 ubi
1231 793 1355 869 poterat
1401 789 1484 853 Cum

414 880 516 939 aufem
555 876 690 939 barones
722 874 791 955 ejus
828 875 1056 955 conspirassent
1089 880 1195 940 contra
1224 894 1310 955 eum,
1349 879 1486 941 feserunt

416 968 537 1045 pactum
560 982 631 1028 cum
655 964 871 1027 barbitonsore
901 964 968 1043 ejus
990 964 1076 1044 quod
1100 982 1171 1029 eum
1196 966 1354 1029 occideret
1400 967 1484 1031 Cum

414 1057 515 1117 autem
547 1054 608 1117 hoc
637 1053 727 1117 vellet
757 1052 856 1116 facere
886 1056 916 1115 et
951 1053 1043 1115 vellet
1079 1054 1219 1118 faciendo
1258 1055 1385 1119 barbam
1416 1056 1485 1135 eJus

415 1146 520 1223 guttur
541 1147 708 1223 amputare,
739 1142 812 1222 legit
833 1141 982 1222 scriptum
1013 1143 1098 1222 quod
1127 1143 1243 1206 eratin
1273 1145 1426 1225 mappula,
1455 1150 1486 1208 et

361 1250 403 1298 us
418 1231 530 1312 incepit
558 1236 689 1313 stupere,
719 1230 850 1294 fremere
880 1234 910 1293 et
937 1235 1080 1295 tremere:
1114 1232 1199 1311 quod
1232 1240 1283 1295 rex
1313 1233 1484 1311 advertens,

415 1320 486 1384 fecit
512 1338 584 1384 eum
614 1321 710 1384 teneri
740 1324 770 1383 et
796 1337 908 1399 urgere
937 1336 1036 1399 usque
1065 1320 1140 1383 dum
1173 1322 1326 1384 veritatem
1357 1322 1484 1400 diceret,

415 1409 470 1490 qui
494 1410 668 1491 proditores
689 1426 766 1474 suos
786 1408 858 1472 iecit
879 1409 956 1489 oapi,
979 1414 1008 1471 et
1031 1408 1097 1489 ipse
1112 1428 1130 1472 a
1146 1414 1244 1474 morte
1267 1410 1410 1475 liberatus
1430 1416 1485 1475 est.

417 1498 489 1563 l·loc
508 1499 684 1581 exemplum
709 1498 891 1579 predicabat,
923 1502 956 1560 ut
982 1497 1095 1576 audivi,
1127 1498 1216 1562 frater
1238 1498 1355 1579 Symon
1379 1501 1485 1581 pueris

415 1588 456 1653 de
480 1588 614 1653 Bruelio.

817 1737 847 1792 4.
892 1728 946 1809 [ε
970 1728 1000 1794 s.
1025 1728 1087 1809 ru]

362 1875 404 1923 rm
507 1856 645 1933 Quidam
668 1856 758 1919 miles
779 1855 996 1918 devotissimus
1018 1852 1075 1916 fuit
1098 1854 1129 1916 in
1148 1854 1272 1918 Francia
1294 1856 1357 1934 qui,
1381 1856 1413 1919 in
1432 1857 1484 1919 die

417 1946 541 2025 Natalis,
571 1946 709 2027 cogimus
731 1946 764 2008 in
787 1944 942 2007 matutinis
969 1942 1009 2005 de
1037 1942 1167 2007 infancia
1191 1944 1320 2007 Domini
1343 1948 1373 2008 et
1395 1950 1483 2026 partu

416 2036 565 2117 virgineo,
589 2037 621 2098 in
644 2038 761 2098 tantum
783 2050 942 2097 excessum
965 2031 1088 2110 amoris,
1112 2036 1145 2094 ut
1167 2032 1279 2110 audivi,
1304 2038 1407 2113 raptus
1430 2038 1483 2112 est,

416 2125 503 2206 quod
526 2125 688 2189 videbatur
709 2142 781 2187 eum
805 2123 917 2186 habere
937 2139 992 2203 pre
1022 2121 1127 2197 oculis,
1158 2125 1187 2184 et
1214 2121 1355 2185 clamaret
1376 2122 1484 2203 gallice

416 2232 520 2278 eoram
554 2214 715 2292 omnibus,
749 2213 860 2275 iterans
889 2216 920 2273 et
948 2210 1075 2281 iterans:
1113 2209 1253 2275 „Bercies
1284 2210 1415 2274 l'enfant
1429 2262 1436 2275 .
1452 2227 1481 2275 .ss

362 2322 404 2367 us
507 2302 645 2377 Quidam
684 2302 812 2365 clericus
848 2300 1005 2377 secularis,
1049 2298 1081 2361 in
1119 2298 1252 2379 quadam
1291 2301 1483 2363 neccessitate

416 2390 542 2473 positus,
572 2395 606 2453 ut
635 2390 739 2453 audivi
769 2389 957 2465 abeodem,
988 2388 1073 2451 vovit
1097 2388 1166 2451 Deo
1195 2392 1224 2451 et
1254 2387 1340 2451 beate
1362 2389 1483 2469 Virgini

415 2480 502 2561 quod
525 2480 652 2543 serviret
673 2479 701 2541 ei
725 2480 757 2541 in
781 2478 941 2557 religione.
971 2476 1053 2540 Cum
1076 2481 1177 2540 autem
1202 2476 1324 2540 intraret
1339 2478 1482 2541 ordinem

417 2569 646 2634 Predicatorum
678 2573 708 2631 et
736 2567 868 2648 graviter
901 2569 1105 2646 temptaretur,
1145 2570 1343 2630 consueverat
1377 2567 1483 2630 venire

416 2676 519 2725 coram
557 2658 702 2740 ymagine
740 2658 827 2720 beate
864 2655 1001 2735 Virginis
1042 2653 1082 2717 ad
1120 2654 1294 2718 oracionem
1301 2676 1309 2733 i
1347 2655 1404 2733 ibi,
1441 2654 1482 2717 ad

361 2770 403 2818 rso
418 2748 599 2813 memoriam
623 2746 754 2811 infancie
777 2744 949 2823 Salvatoris,
972 2748 1172 2807 consueverat
1187 2743 1320 2824 recipere
1342 2744 1483 2807 consola-

415 2840 529 2905 cioues
574 2836 761 2918 Aliquando,
790 2852 871 2912 cum,
893 2834 992 2897 victus
1019 2832 1230 2914 temptacione,
1258 2832 1375 2897 occulte
1401 2850 1481 2896 rece-

415 2929 501 2993 deret
522 2931 552 2991 et
572 2928 701 3008 fugeret,
722 2924 868 3005 cogitavit
889 2922 976 3003 quod
1000 2938 1064 2985 non
1087 2926 1241 3002 acceperat
1263 2921 1418 2985 licenciam
1442 2922 1482 2984 ah

416 3019 468 3083 illa
489 3018 646 3101 ymagine:
677 3014 762 3079 unde
788 3030 938 3090 reversus,
969 3011 1056 3075 flexis
1083 3010 1223 3091 genibus,
1254 3009 1374 3073 dicebat
1395 3010 1483 3089 quod

416 3126 482 3173 non
516 3111 634 3189 poterat
667 3106 745 3169 ultra
779 3103 892 3166 morari
923 3101 975 3178 ibi,
1013 3104 1043 3163 et
1076 3099 1194 3163 vadens
1227 3098 1357 3162 osculari
1388 3098 1483 3180 pedes

362 3215 403 3263 rso
417 3197 577 3280 ymaginis,
610 3200 640 3259 et
666 3194 754 3277 pueri
781 3197 811 3256 et
839 3192 926 3255 beate
949 3189 1085 3271 Virginis
1106 3187 1286 3269 accipiendo
1316 3187 1482 3265 licenciam,

415 3287 505 3350 tantis
527 3284 660 3349 lacrimis
674 3284 734 3347 fuit
747 3282 892 3364 perfusus
911 3285 941 3343 et
955 3280 1063 3360 gracia,
1087 3278 1173 3359 quod
1197 3277 1236 3339 ita
1259 3277 1390 3341 omnino
1412 3282 1483 3357 post

416 3376 538 3440 recessit
567 3374 619 3437 illa
647 3372 823 3455 temptacio,
848 3369 935 3450 quod
966 3386 1024 3451 pro
1053 3372 1119 3432 toto
1148 3364 1267 3429 mundo
1291 3382 1354 3429 non
1378 3366 1480 3428 exiret.

813 3507 855 3576 s:
888 3512 942 3592 [=
966 3511 997 3575 s.
1021 3509 1082 3590 ss]

503 3639 617 3704 Audivi
633 3638 720 3721 quod
736 3636 863 3717 quidam
888 3652 1020 3715 magnus
1042 3634 1169 3698 clericus
1192 3631 1362 3713 predicator
1385 3630 1483 3695 crucis

415 3732 477 3795 hoc
498 3728 681 3811 predicabat,
704 3725 791 3807 quod
814 3724 927 3805 legitur
949 3724 981 3786 in
1005 3723 1140 3805 hystoria
1161 3721 1273 3799 Arturi,
1300 3719 1386 3801 quod
1409 3736 1482 3783 con-

361 3840 402 3888 tto
416 3817 549 3885 suetudo
571 3817 639 3897 ejus
661 3823 724 3879 erat
746 3813 832 3895 quod
862 3813 1025 3876 differebat
1054 3810 1217 3875 comedere
1243 3826 1407 3889 quousque
1429 3808 1479 3871 ali·

415 3907 492 3992 quid
522 3924 640 3971 novum
670 3910 702 3969 et
728 3902 867 3967 mirabile
897 3902 1014 3965 veniret
1042 3901 1082 3963 ad
1111 3900 1227 3963 curiam
1257 3916 1353 3961 suam.
1399 3897 1481 3961 Cum

414 4003 516 4065 autern
550 3998 720 4078 expectaret
754 3993 822 4074 froc,
855 4008 926 4054 ecce
960 3990 1046 4053 navis
1077 3988 1210 4069 quedam
1240 3986 1387 4067 applicuit
1416 3986 1483 4049 sine

414 4088 620 4169 gubernatore
653 4088 683 4147 et
715 4082 851 4145 ductore.
899 4080 1044 4141 Mirantes
1077 4082 1107 4141 ef
1144 4080 1336 4140 occurrentes
1370 4074 1482 4137 milites

415 4178 599 4241 invenerunt
620 4174 651 4236 in
676 4170 746 4234 navi
769 4168 821 4231 illa
843 4167 970 4229 militem
995 4166 1037 4228 ibi
1059 4166 1216 4243 jacentem,
1240 4163 1432 4225 vulneratum
1453 4168 1484 4225 et
