3584 4884
703 436 947 495 -181-

285 624 346 670 eos
375 610 406 670 et
438 605 595 686 incognita
623 606 664 670 ab
692 607 749 685 eis,
787 606 875 688 quod
909 608 996 689 prius
1028 606 1068 671 ad
1107 624 1211 671 euram
1245 611 1358 671 unum

285 699 448 776 oporteret
469 713 541 759 eum
564 712 669 759 eoram
684 695 776 760 tratre
794 714 855 761 suo
869 696 977 760 omnia
999 700 1120 777 pemata
1141 714 1198 761 sua
1219 696 1358 761 conliten'

285 788 320 846 et
353 802 458 848 eoram
491 783 668 862 astantibus,
706 803 788 863 cum,
823 785 892 848 aliis
925 784 1087 862 confessis,
1121 784 1153 849 id
1188 784 1358 866 predictum

285 873 434 936 retineret
463 877 620 954 peceatum
644 878 675 937 et
696 874 739 937 nil
766 874 795 937 ei
823 874 986 956 proliceret
1013 874 1173 951 medicina,
1204 873 1281 938 dixit
1309 873 1360 937 illa

227 978 271 1025 aas
286 961 380 1041 quod
403 961 506 1028 adhuc
526 966 684 1043 peccatum
706 963 768 1027 bec
789 964 961 1041 retinuerat,
984 980 1043 1044 pro
1061 980 1126 1044 quo
1148 962 1270 1027 curaeio
1292 962 1360 1043 ejus

286 1051 525 1131 impediebatur.
573 1051 674 1115 Fratre
696 1070 736 1116 eo
757 1057 950 1116 asscetrrmte
972 1056 1002 1117 et
1023 1056 1169 1115 monente
1191 1055 1225 1115 ut
1246 1052 1360 1115 diceret

285 1140 406 1218 omnia,
429 1140 590 1203 confessus
604 1138 721 1203 dictum
744 1140 871 1218 lacinus,
892 1160 911 1204 a
934 1141 1018 1222 lepra
1040 1144 1171 1205 curatur.
1208 1140 1257 1204 nd
1281 1140 1360 1205 bane

286 1228 406 1291 tamam
429 1233 605 1293 commotus
620 1229 794 1310 imperator,
816 1230 908 1293 tratre
921 1248 982 1295 suo
996 1230 1076 1294 lacto
1092 1229 1218 1311 leproso
1232 1246 1359 1310 corrup-

285 1317 420 1396 tissimo,
449 1317 520 1381 iacit
542 1336 609 1381 eam
631 1317 744 1381 adduci
767 1318 808 1381 ad
829 1336 872 1396 se,
903 1317 1125 1383 honorabiliter
1156 1336 1269 1399 rogans
1291 1336 1358 1381 eam

227 1424 271 1471 uae
287 1424 352 1487 pro
374 1406 537 1471 cui-acione
559 1406 608 1470 sui
630 1407 743 1471 fratris:
774 1408 824 1471 cui
850 1408 1011 1489 respondit
1038 1406 1124 1488 quod
1153 1407 1240 1471 aliter
1260 1407 1359 1471 curari

288 1513 358 1559 non
390 1500 502 1577 posset,
536 1495 594 1559 nisi
625 1496 716 1577 culpa
748 1513 806 1559 sua
837 1514 942 1561 eoram
976 1495 1125 1561 omnibus
1156 1496 1359 1578 preconiessa.

287 1584 376 1648 Cum
398 1589 500 1647 autem
522 1584 582 1647 alia
604 1585 802 1649 confiteretur
815 1589 845 1648 et
859 1584 892 1647 id
908 1585 995 1666 quod
1019 1585 1051 1649 in
1074 1603 1142 1649 eam
1166 1585 1361 1649 commiserat

287 1673 435 1737 retineret
456 1691 514 1737 nec
535 1678 700 1751 curaretur,
730 1679 877 1738 monente
899 1674 990 1737 tratre
1012 1692 1084 1742 eum
1108 1678 1138 1739 et
1159 1679 1360 1751 assecurante,

287 1763 343 1825 vix
372 1762 495 1825 tandem
527 1762 690 1826 confitetur
722 1763 823 1827 scelus
852 1764 885 1825 in
919 1781 987 1827 eam
1017 1763 1231 1827 commissum.
1276 1762 1359 1827 Cum

231 1856 396 1915 sinautem
424 1852 590 1933 imperator
616 1852 878 1916 inconsolabiliter
905 1870 963 1933 pro
986 1870 1021 1915 ea
1044 1851 1169 1930 doleret,
1200 1870 1264 1915 non
1287 1870 1360 1933 cog-

289 1939 452 2004 noscendo
475 1958 551 2017 eam,
575 1940 641 2021 ipsa
656 1942 728 2003 eum
747 1940 911 2020 advocans,
935 1941 1025 2004 tratre
1048 1946 1161 2019 curato,
1184 1942 1362 2022 temperavit

288 2047 364 2093 eum
388 2030 428 2093 ab
450 2029 526 2093 odio
548 2029 660 2107 trama
692 2035 729 2111 et,
758 2048 830 2093 cum
857 2031 886 2093 ei
914 2029 1149 2110 colloqueretur,
1182 2048 1237 2110 per
1258 2029 1361 2109 aliqua

288 2118 352 2182 sibi
375 2118 445 2181 data
467 2136 534 2181 eam
558 2136 750 2199 cognoscens
772 2119 894 2200 recepit,
918 2120 949 2181 in
973 2118 1121 2199 modium
1145 2118 1254 2182 dolore
1276 2136 1361 2182 com·

289 2211 419 2271 mutato.
465 2208 501 2270 Et
530 2206 732 2289 postmodum
762 2208 839 2271 tacta
867 2212 914 2271 est
943 2207 1095 2284 monialis,
1129 2212 1158 2271 et
1188 2206 1361 2271 beatissime

233 2314 275 2360 uu
291 2296 392 2359 Maric
414 2296 611 2361 devotissime
632 2296 765 2361 servivit

681 2444 708 2503 9.
756 2438 810 2519 [=
834 2438 864 2503 s.
891 2438 974 2519 raa]

384 2563 456 2625 ltem
487 2562 600 2626 dicitur
629 2563 731 2644 quod,
765 2582 836 2627 eum
865 2563 945 2627 alius
974 2566 1100 2644 propter
1129 2559 1237 2626 eadem
1267 2562 1361 2627 verba

290 2669 415 2715 vaccam
437 2669 526 2715 suam
541 2651 677 2716 dedisset
698 2652 847 2716 sacerdoti
863 2651 959 2730 diviti,
982 2656 1012 2715 et
1027 2652 1078 2716 ille
1094 2651 1225 2717 misisset
1239 2670 1360 2717 vaccam

291 2740 438 2820 pauperis
459 2741 518 2804 sibi
542 2740 643 2804 datam
667 2758 738 2805 cum
761 2741 826 2805 suis
848 2746 879 2805 et
900 2760 995 2821 grege
1016 2741 1154 2819 aliarum,
1178 2740 1210 2804 in
1233 2758 1361 2823 vespere

292 2829 346 2891 illa
373 2847 463 2893 vacua
490 2829 531 2893 ad
560 2829 692 2893 domum
727 2830 872 2912 pauperis
901 2847 1011 2893 omnes
1043 2829 1109 2895 illas
1137 2830 1303 2894 sacerdotis
1333 2834 1363 2893 et

235 2936 278 2982 aas
294 2936 395 2997 usque
416 2919 456 2980 ad
479 2922 602 2983 centum
625 2918 666 2982 de
687 2918 756 2982 aliis
777 2918 914 2983 adduxit
950 2918 1035 2982 Dixit
1057 2918 1108 2983 ille
1123 2918 1210 2999 quod
1234 2918 1285 2983 illa
1300 2924 1362 2983 erat

292 3006 413 3070 solucio
436 3007 580 3088 promissi
604 3025 697 3088 quam
719 3008 806 3071 Deus
828 3008 856 3071 ei
878 3007 1002 3086 leocrat3
1026 3008 1122 3073 etsie
1143 3007 1259 3088 judicio
1282 3008 1361 3089 epis-

293 3095 364 3175 eopi
387 3114 444 3176 pro
467 3096 675 3178 promissione
697 3096 863 3161 sacerdotis
876 3101 950 3161 sunt
964 3097 991 3161 ei
1007 3096 1178 3177 adiudicate
1201 3115 1263 3178 que
1278 3103 1363 3161 erant

292 3184 466 3249 sacerdotis

661 3334 711 3390 to.
759 3326 979 3410 1=sne1

385 3452 505 3516 Dicitur
540 3451 627 3533 quod
666 3453 794 3533 quidam
836 3454 1050 3534 paterfamilias
1088 3472 1217 3519 uxorem
1256 3454 1363 3519 habuit

236 3558 281 3605 250
295 3540 472 3618 adulteram,
495 3540 536 3605 de
558 3560 620 3622 qua
643 3542 756 3606 babere
770 3542 932 3606 videbatur
953 3547 1014 3607 tres
1036 3542 1127 3607 tilios.
1162 3542 1244 3607 Cum
1260 3547 1361 3607 autem

293 3628 462 3709 aliquando
495 3630 717 3712 improperaret
749 3632 777 3694 ei
812 3636 969 3712 peccatum
1003 3649 1096 3695 suum
1130 3636 1161 3695 ct
1191 3632 1363 3697 molestaret

294 3736 371 3795 eam,
404 3719 446 3781 ait
475 3718 526 3782 illa
555 3720 596 3783 ei:
639 3720 703 3786 „Ut
731 3738 789 3784 vos
823 3720 960 3785 babeatis
993 3720 1134 3785 dolorem
1149 3778 1155 3787 .
1171 3726 1361 3802 perpetuum,

294 3806 438 3885 significo
457 3807 552 3872 ⁴vobis
578 3808 664 3889 quod
692 3809 804 3873 unicus
834 3809 963 3873 istorum
987 3810 1080 3873 trium
1111 3816 1210 3875 vester
1231 3814 1283 3889 est,
1311 3811 1361 3875 alii

294 3894 361 3958 duo
382 3896 523 3977 adulteri;
554 3902 591 3976 et,
620 3902 655 3961 ut
675 3916 781 3962 amore
804 3898 897 3961 unius
920 3898 1047 3963 duobus
1069 3898 1136 3963 aliis
1168 3898 1362 3981 provideatis,

239 4000 282 4047 ass
296 4001 457 4065 nunquam
479 3985 580 4050 scietis
595 3986 666 4067 quis
687 3991 733 4050 ast
754 3992 880 4050 vester.u
918 3987 1016 4062 Quod
1038 4006 1109 4051 eum
1133 3988 1218 4052 nulla
1240 3987 1363 4051 racione

295 4073 385 4137 vellet
407 4074 447 4136 ita
470 4074 497 4137 ei
520 4074 630 4152 dicere,
661 4093 732 4139 cum
757 4076 808 4139 ille
830 4076 862 4139 in
886 4080 986 4140 morte
1008 4077 1120 4140 taceret
1149 4080 1362 4140 testamentum

295 4179 398 4241 suum,
419 4162 497 4226 dixit
518 4163 606 4244 quod
622 4164 727 4227 omnia
743 4164 825 4228 bona
847 4182 905 4228 sua
928 4164 1120 4245 relinquebat
1143 4164 1186 4227 illi
1209 4162 1263 4243 qui
1286 4181 1363 4231 suus
