3584 4884
694 425 938 483 -137-

276 601 342 658 lam
366 615 461 660 ausus
489 597 578 674 fuisti,
611 597 696 676 quod
719 602 748 659 te
779 597 994 677 imperatorem
1019 599 1192 676 nominasti,
1224 599 1267 662 do
1291 617 1349 679 pro

222 704 263 749 anu
280 686 408 764 iudicio,
433 690 467 748 ut
488 685 527 748 ad
550 686 662 748 caudas
685 687 756 766 equi
781 685 874 748 hodie
889 688 932 749 sis
955 690 1072 750 tractus.
1109 689 1145 750 [r
1159 688 1184 750 si
1200 688 1349 751 ammodo

279 775 352 836 talia
374 774 471 838 audes
493 774 654 852 affirmare,
684 775 859 854 turpissima
891 778 990 839 morte
1016 780 1044 837 te
1073 775 1345 856 condempnaboh¹

279 864 411 927 Vocauit
444 864 591 940 satellites,
627 864 761 944 precepit
792 863 845 940 eis,
880 869 913 927 vt
942 883 1013 926 eum
1045 864 1084 926 ad
1115 865 1244 928 caudam
1276 865 1348 946 equi

279 953 443 1030 traherent,
468 953 507 1014 ita
529 957 638 1030 tamen,
667 952 753 1032 quod
777 971 841 1016 non
866 952 1063 1016 occideretur.
1112 955 1148 1016 Et
1169 955 1213 1017 sic
1234 955 1347 1017 factum

280 1046 334 1104 est.
382 1041 457 1104 Post
487 1042 543 1104 hec
572 1059 645 1104 vero
676 1042 759 1119 vltra,
790 1059 883 1121 quam
915 1041 998 1104 credi
1029 1046 1135 1121 potest,
1166 1042 1291 1107 dolebat
1320 1048 1350 1107 et

225 1150 266 1195 arn
282 1131 371 1210 quasi
396 1130 574 1210 desperatus
601 1129 640 1192 de
663 1148 695 1193 se
726 1131 794 1210 ipso
817 1130 858 1192 ait
881 1131 959 1193 intra
981 1149 1028 1193 se:
1063 1131 1189 1195 „Pereat
1211 1131 1285 1210 dies,
1316 1133 1348 1194 in

282 1237 345 1299 qua
369 1221 564 1282 natussum!
611 1219 711 1282 hme
738 1219 827 1282 amici
856 1220 916 1282 mei
945 1225 1145 1296 recesserunt:
1177 1239 1255 1284 vxor
1281 1240 1350 1284 mea

281 1327 339 1371 nec
373 1308 429 1370 filii
465 1313 619 1370 nonerunt
653 1323 730 1370 me.u
787 1308 871 1370 Dum
906 1309 962 1371 hec
991 1308 1123 1385 dixisset,
1161 1309 1348 1390 [cogitabat]:

284 1397 367 1462 „llic
389 1416 488 1477 prope
523 1401 623 1459 manet
652 1396 805 1473 heremita,
845 1398 1004 1461 confessor
1027 1416 1123 1460 meus.
1169 1398 1285 1461 Vadam
1309 1398 1348 1460 ad

281 1504 367 1564 eum:
391 1486 470 1548 forte
493 1485 559 1565 ipse
582 1485 724 1548 noticiam
741 1486 801 1548 mei
818 1486 950 1564 habebit,
974 1487 1047 1565 quia
1062 1487 1167 1567 sepius
1182 1487 1349 1551 confessio·

229 1595 268 1640 an
284 1593 356 1638 nem
373 1593 473 1637 meam
489 1573 633 1636 audiuitu
673 1575 809 1637 Perrexit
830 1575 869 1637 ad
894 1575 1071 1638 heremitam
1087 1580 1117 1637 et
1131 1575 1170 1637 ad
1186 1576 1348 1638 fenestram

282 1664 358 1726 celle
388 1681 444 1726 sue
475 1663 615 1744 pulsauit.
665 1664 704 1726 At
734 1663 798 1726 ille:
833 1664 934 1738 „Quis
965 1668 1017 1741 est,
1048 1664 1101 1743 qui
1133 1665 1175 1727 ibi
1206 1665 1346 1744 pulsat?u

282 1751 348 1826 Qui
372 1752 460 1814 dixit:
496 1753 583 1831 „Ego
609 1769 678 1816 sum
704 1753 882 1816 louinianus
913 1753 1087 1833 imperator.
1133 1753 1227 1833 Aperi
1256 1753 1348 1816 michi

282 1841 455 1918 fenestram,
485 1845 517 1903 vt
546 1841 655 1921 loquar
684 1844 820 1904 tecum!u
870 1842 923 1904 llle
952 1860 1026 1904 vero
1050 1860 1120 1904 cum
1151 1860 1258 1905 vocem
1282 1842 1349 1905 eius

281 1929 424 2008 audisset,
449 1930 567 2010 aperuit
581 1930 752 2009 fenestram,
776 1935 805 1992 et
823 1949 893 1994 cum
910 1949 982 1994 eum
1005 1930 1139 2007 vidisset,
1162 1931 1261 1994 statim
1277 1949 1347 1993 cum

231 2039 269 2084 aaa
284 2019 400 2100 impetu
424 2019 586 2082 fenestram
611 2019 717 2082 clausit
739 2024 768 2082 et
789 2020 842 2082 ait:
876 2019 1029 2085 „Discede
1052 2038 1070 2082 a
1093 2039 1150 2096 me,
1174 2019 1346 2082 maledicte!

282 2108 330 2170 Tu
360 2125 424 2171 non
454 2126 486 2171 es
516 2109 687 2188 imperator,
722 2109 775 2172 sed
808 2109 960 2190 dyabolus
990 2109 1020 2170 in
1051 2109 1152 2188 specie
1182 2109 1345 2171 hominis.a

283 2197 336 2260 llle
359 2198 417 2260 hec
439 2197 567 2260 audiens
590 2197 629 2260 ad
652 2201 762 2260 terram
787 2216 840 2278 pre
859 2197 968 2261 dolore
984 2197 1098 2275 cecidit,
1122 2197 1221 2260 crines
1244 2198 1349 2278 capitis

282 2287 371 2349 traxit
393 2291 423 2348 et
452 2286 547 2349 barbe
570 2291 598 2349 et
628 2286 864 2350 lamentaciones
893 2305 991 2366 vsque
1021 2286 1060 2349 ad
1091 2286 1190 2348 celum
1214 2286 1299 2348 dedit
1321 2291 1350 2348 et

283 2374 370 2437 dixit:
406 2375 497 2440 „Heu
521 2375 622 2454 michi,
654 2374 728 2454 quid
753 2375 898 2438 faciam?
931 2376 1001 2438 Heu
1030 2377 1125 2455 ego!u
1174 2377 1245 2438 lloc
1266 2375 1349 2438 dicto

233 2484 271 2529 aen
285 2463 463 2534 recordatus
485 2468 536 2542 est,
564 2465 726 2544 quomodo
748 2483 808 2527 vna
831 2469 920 2528 nocte
944 2465 975 2526 in
998 2469 1091 2527 stratu
1115 2482 1174 2527 suo
1197 2465 1348 2527 eleuatum

284 2555 329 2616 est
351 2571 407 2617 cor
429 2553 494 2616 eius
517 2557 546 2616 et
568 2553 655 2616 dixit:
683 2555 794 2638 „listne
816 2553 890 2616 alter
913 2553 990 2616 deus
1014 2571 1107 2633 quam
1130 2554 1233 2632 ego?¹⁴
1277 2553 1348 2615 Pul-

283 2642 362 2705 sauit
396 2642 505 2704 iterum
537 2643 595 2722 (ΒΖ.
628 2643 713 2722 osu.)
744 2642 783 2704 ad
818 2643 981 2705 fenestram
1016 2642 1162 2705 heremite
1197 2646 1226 2704 et
1259 2642 1348 2704 dixit:

287 2731 421 2796 »Amore
452 2731 541 2808 illiue,
572 2731 624 2810 qui
657 2731 801 2812 pependit
829 2732 860 2793 in
891 2749 989 2809 cruce,
1019 2731 1092 2794 audi
1122 2731 1348 2794 confessionem

285 2821 401 2882 meam!
441 2819 561 2898 Saltem,
584 2820 609 2882 si
632 2820 713 2883 nolis
733 2820 893 2883 fenestram
915 2821 1042 2900 aperire,
1065 2820 1179 2899 clau[sa
1202 2820 1349 2899 au]d[i]as

235 2912 395 2986 onumen,
428 2926 591 2988 quousque
615 2909 758 2972 finierol¹¹
807 2909 846 2971 ht
869 2909 932 2972 ille:
970 2909 1084 2974 ..michi
1115 2909 1195 2971 bene
1222 2910 1346 2988 placete

285 2995 373 3060 Tunc
395 2996 435 3058 de
457 3001 518 3060 tota
540 2997 601 3060 vita
623 3015 678 3060 sua
701 3001 745 3060 est
767 2998 936 3072 confessus,
959 3003 988 3060 et
1010 2998 1162 3078 precipue,
1186 2997 1349 3077 quomodo

284 3103 316 3149 se
339 3090 446 3149 contra
468 3085 561 3148 deum
590 3087 733 3149 erexisset
755 3086 868 3164 dicens,
899 3086 985 3166 quod
1009 3105 1073 3150 non
1096 3086 1231 3149 crederet
1253 3086 1348 3148 alium
1376 3161 1379 3166 Α

284 3175 378 3238 deum
395 3191 569 3254 essequam
586 3193 619 3238 se
635 3175 745 3255 ipsum.
779 3177 865 3238 Facta
880 3176 1075 3239 confessione
1098 3180 1127 3238 et
1148 3175 1349 3238 absolucione

284 3264 431 3326 heremita
453 3263 614 3326 fenestram
642 3265 761 3344 aperuit
782 3268 811 3327 et
833 3264 932 3327 statim
963 3265 1105 3327 noticiam
1129 3264 1196 3326 eius
1219 3264 1350 3326 habebat

143 3343 144 3352 ’
233 3371 271 3416 aar
285 3357 315 3415 et
342 3353 396 3416 ait:
431 3352 633 3417 „Benedictus
662 3353 839 3416 altissimus!
899 3354 960 3416 lam
991 3353 1133 3416 noticiam
1165 3353 1207 3414 tui
1240 3353 1348 3416 habeo,

143 3413 145 3466 l

285 3441 402 3504 Paucas
425 3445 522 3504 vestes
546 3441 595 3504 hic
618 3442 730 3518 habeo;
754 3442 813 3505 cito
837 3442 976 3504 inducte
997 3442 1078 3505 etad
1095 3441 1244 3521 palacium
1261 3446 1348 3504 tuum

284 3532 391 3610 perge!
433 3531 477 3595 Ut
491 3547 590 3610 sper0,
615 3548 724 3593 omnes
740 3531 882 3593 noticiam
899 3531 942 3592 tui
960 3531 1144 3594 habebuntt
1183 3531 1349 3610 imperator

283 3619 385 3682 induit
413 3637 446 3682 se
476 3624 505 3681 et
535 3619 574 3682 ad
605 3619 754 3700 palacium
785 3619 924 3700 perrexit.
974 3620 1022 3682 hd
1054 3620 1175 3680 ianuam
1208 3619 1349 3698 pulsauit.

284 3709 398 3771 lanitor
420 3708 554 3771 hostium
585 3708 725 3789 apperuit
747 3713 776 3770 et
802 3727 873 3771 eum
902 3708 975 3770 satis
1005 3707 1177 3771 honorifice
1199 3707 1349 3771 salutauit.

231 3815 269 3860 uo
285 3798 324 3860 ht
346 3797 410 3860 ille:
437 3797 618 3876 „Numquid
635 3797 776 3860 noticiam
794 3798 852 3860 mei
871 3797 1029 3860 habetis?¹¹
1067 3796 1131 3870 Qui
1146 3796 1199 3859 ait:
1226 3798 1349 3861 „liciam

283 3886 419 3963 domine,
444 3886 623 3966 peroptime.
658 3885 718 3950 Sed
735 3887 838 3960 miror,
862 3885 949 3965 quod
973 3890 1034 3948 tota
1057 3886 1107 3948 die
1131 3885 1181 3948 hic
1203 3886 1268 3948 steti
1293 3905 1350 3950 nec

282 3975 346 4038 vidi
370 3992 427 4038 vos
450 3975 560 4037 exire.u
609 3975 661 4037 llle
689 3993 762 4038 vero
791 3975 892 4037 aulam
924 3974 1054 4051 intrauit
1085 3979 1115 4037 et
1141 3993 1210 4037 ecce
1240 3991 1350 4038 omnes

282 4065 380 4145 capita
404 4063 599 4127 inclinabant.
646 4063 706 4127 Sed
734 4063 811 4126 alius
840 4063 1005 4145 imperator
1035 4068 1097 4126 erat
1127 4081 1197 4126 cum
1222 4063 1350 4126 domina

282 4154 313 4216 in
339 4171 467 4216 camera.
510 4151 646 4227 Quidam
670 4157 770 4216 autem
795 4153 883 4216 miles
906 4153 945 4216 de
968 4171 1088 4216 camera
1110 4152 1204 4215 exiuit
1226 4156 1255 4214 et
1277 4170 1349 4214 eum
