3584 4884
852 457 1072 521 ..66-

435 639 470 702 Et
499 639 637 718 cogitans
665 639 695 700 in
731 638 823 702 corde
851 656 910 702 suo
937 638 1025 700 dixit:
1063 639 1107 700 En
1136 656 1195 718 ego
1227 638 1331 700 nescio
1361 656 1502 700 exercere

379 743 420 790 sao
435 731 538 804 artem,
563 745 619 790 nec
639 732 683 790 est
705 728 892 790 conveniens
908 746 957 790 me
971 745 1102 790 vacuum
1118 727 1158 789 ad
1173 727 1276 790 socios
1291 744 1378 789 meos
1393 727 1501 790 redire.

436 817 472 879 Et
487 816 590 897 posuit
604 834 637 878 se
657 817 695 878 ad
712 816 878 896 quamdam
895 817 1037 880 arborem
1061 817 1153 880 tristis
1176 819 1206 878 et
1227 815 1338 878 dolens
1361 819 1390 878 et
1404 817 1503 878 voluit

434 905 566 985 separari
594 923 613 966 a
635 906 734 981 sociis,
767 910 795 968 et
823 923 893 968 curn
922 905 1062 968 transiret
1088 905 1221 984 quedam
1253 909 1392 967 matrona
1420 905 1503 967 iuxta

434 1012 505 1056 eurn
529 999 559 1056 et
573 1012 659 1056 suam
676 994 785 1057 videns
802 993 1071 1074 pulchritudinem,
1095 998 1181 1074 capta
1196 998 1241 1056 est
1256 993 1287 1055 in
1303 1012 1410 1056 amore
1426 994 1501 1058 eius.

435 1082 506 1156 Que
521 1083 648 1144 veniens
663 1082 702 1144 ad
718 1082 848 1146 domurn
864 1100 960 1159 suam,
978 1083 1059 1145 misit
1077 1101 1134 1162 pro
1147 1100 1195 1145 e0.
1220 1082 1295 1156 Quo
1306 1082 1447 1144 veniente
1462 1083 1501 1144 ad

379 1189 420 1236 uuo
436 1190 502 1234 earn
526 1171 597 1234 tecit
619 1172 795 1234 convivium
820 1176 848 1234 et
863 1172 941 1234 stetit
956 1191 1026 1234 curn
1043 1190 1078 1233 ea
1093 1176 1157 1234 toto
1174 1171 1237 1248 die;
1261 1171 1378 1234 insero
1400 1175 1502 1233 autem

434 1260 562 1323 domina
585 1261 663 1322 dans
693 1261 720 1322 ei
752 1261 940 1340 quingentos
971 1261 1113 1323 denarios
1136 1264 1305 1339 argenteos,
1334 1260 1504 1322 licenciavit

434 1367 515 1412 eurn.
554 1350 589 1411 Et
605 1348 746 1412 rediitad
763 1349 866 1412 socios
889 1367 964 1412 suos
986 1349 1096 1412 fovens
1120 1349 1205 1428 ipsos
1229 1367 1284 1429 per
1297 1353 1391 1412 totam
1407 1349 1500 1412 diern.

524 1438 628 1500 Tereia
652 1457 726 1502 vero
749 1439 799 1500 die
823 1439 967 1500 dixerunt
986 1438 1052 1501 tilio
1076 1439 1264 1501 mercatoris:
1288 1437 1373 1500 Vade
1396 1442 1426 1499 et
1447 1442 1502 1500 tuo

435 1525 586 1589 intellectu
626 1545 757 1607 procura
795 1527 887 1590 nobis
923 1527 1017 1589 hodie
1048 1527 1171 1590 victum.
1225 1526 1289 1600 Qui
1325 1527 1531 1605 ingrediens

380 1631 421 1679 ssu
436 1615 593 1693 civitatem,
609 1616 693 1678 venit
703 1615 742 1677 ad
755 1619 877 1695 portum
892 1617 992 1692 maris
1010 1616 1062 1678 ubi
1076 1615 1287 1678 conventicula
1299 1619 1500 1677 mercatorum

435 1708 498 1767 erat
528 1709 557 1766 et
589 1705 752 1766 multarum
785 1705 919 1768 navium.
968 1705 1004 1766 lit
1034 1704 1111 1766 vidit
1143 1705 1259 1767 ibidem
1291 1705 1502 1783 negociatores

435 1793 596 1873 loquentes
619 1811 689 1856 curn
712 1797 842 1873 patrono
866 1798 895 1855 et
909 1793 1052 1866 dicentes,
1075 1811 1114 1855 an
1133 1793 1223 1855 vellet
1246 1811 1304 1874 pro
1326 1797 1407 1855 tanta
1429 1793 1502 1856 dare

435 1883 565 1962 pecunia
580 1882 665 1962 quod
683 1883 783 1944 renuit
799 1887 958 1963 patronus;
982 1886 1055 1944 tunc
1070 1881 1213 1944 dixerunt
1235 1882 1313 1944 inter
1335 1900 1368 1945 se
1388 1900 1502 1945 merca-

435 1975 529 2034 tores:
563 1971 742 2034 differamus
766 1972 797 2033 in
821 1972 995 2048 crastinum,
1027 1970 1113 2050 quod
1140 1989 1233 2033 nerno
1256 1978 1301 2033 est
1324 1971 1378 2050 qui
1401 1971 1439 2033 ab
1463 1989 1502 2034 eo

381 2075 421 2122 uo
437 2065 524 2122 emat.
572 2060 667 2133 Quod
696 2060 825 2123 audiens
852 2061 935 2123 lilius
965 2060 1140 2122 mercatoris
1166 2064 1196 2122 et
1222 2059 1282 2122 illis
1309 2060 1501 2135 abeuntibus

435 2149 558 2211 accessit
587 2149 626 2210 ad
657 2154 834 2228 patronum,
870 2150 923 2228 qui
954 2153 1069 2228 patrem
1100 2149 1166 2211 eius
1196 2149 1276 2211 bene
1306 2153 1443 2221 noverat;
1474 2153 1504 2210 et

435 2237 618 2300 convenibat
640 2255 710 2300 curn
735 2255 772 2300 eo
797 2238 1046 2317 promereantur,
1070 2256 1162 2317 quarn
1187 2238 1260 2299 enrit
1283 2255 1340 2316 pro
1363 2238 1502 2316 quinque

436 2325 573 2388 millibus
607 2325 742 2388 florenis.
794 2326 895 2388 Altera
930 2346 1004 2389 vero
1038 2326 1089 2388 die
1123 2326 1287 2388 veniebant
1321 2331 1503 2388 mercatores

436 2413 574 2477 videntes
601 2431 634 2476 se
665 2431 730 2476 esse
758 2419 930 2494 preventus
961 2420 1101 2478 emerunt
1127 2434 1145 2477 a
1173 2415 1283 2477 iuvene
1314 2433 1371 2494 pro
1394 2415 1501 2478 decem

381 2517 422 2564 su
438 2503 574 2565 millibus
604 2503 713 2565 aureis.
767 2504 802 2565 Et
832 2503 876 2566 sic
906 2505 1027 2566 recessit
1056 2505 1112 2567 iste
1142 2504 1262 2566 iuvenis
1291 2507 1321 2566 et
1350 2504 1434 2566 venit
1461 2503 1501 2566 ad

436 2592 537 2655 socios
553 2609 627 2654 suos
632 2613 640 2669 ;
661 2591 854 2671 scripsitque:
872 2610 942 2654 curn
958 2593 1176 2672 circumspecta
1192 2593 1355 2672 prudentia
1370 2593 1502 2655 lucratis

436 2685 481 2743 est
503 2698 585 2743 unus
615 2699 676 2742 una
699 2681 749 2742 die
779 2681 919 2760 quinque
947 2682 1042 2743 millia
1070 2682 1274 2745 florenorum.
1322 2682 1359 2744 Et
1380 2682 1420 2744 de
1443 2681 1503 2744 hoc

437 2788 469 2832 se
493 2774 522 2832 et
543 2770 645 2832 socios
668 2787 742 2832 suos
766 2769 914 2832 educavit.

527 2858 643 2932 Quarta
672 2877 746 2921 vero
777 2858 827 2921 die
855 2859 998 2921 dixerunt
1026 2859 1093 2921 tilio
1121 2859 1215 2938 regis:
1248 2858 1334 2922 Vade
1361 2863 1391 2921 et
1417 2864 1449 2921 tu
1473 2864 1502 2921 et

382 2966 423 3014 ⁸50
438 2965 568 3028 procura
584 2947 675 3010 nobis
691 2948 785 3010 hodie
801 2949 976 3024 necessaria,
1000 2949 1053 3027 qui
1070 2947 1109 3010 de
1126 2949 1383 3027 predestinatione
1398 2947 1503 3030 diviua

437 3037 558 3100 locutus
581 3054 613 3099 es
637 3041 666 3098 et
687 3041 719 3099 tu
744 3037 775 3098 in
799 3055 866 3099 earn
891 3037 1033 3100 contidis.
1073 3037 1137 3110 Qui
1161 3056 1232 3100 curn
1257 3037 1313 3099 iret
1327 3041 1356 3100 et
1378 3037 1503 3100 sedebat

436 3127 529 3189 tristis
551 3130 580 3188 et
602 3125 712 3188 dolens
735 3126 817 3188 iuxta
840 3130 959 3206 portam
981 3126 1115 3202 civitatis,
1139 3130 1169 3188 et
1190 3126 1302 3188 lactum
1326 3129 1372 3188 est
1392 3145 1411 3188 a
1433 3125 1502 3203 deo,

437 3220 470 3278 ut
493 3219 632 3278 mortuus
656 3219 735 3278 esset
758 3234 810 3278 rex
833 3215 915 3276 illius
938 3215 1096 3294 provincie
1111 3215 1142 3276 in
1160 3214 1211 3276 illa
1233 3215 1284 3277 die
1308 3232 1372 3277 non
1392 3215 1503 3278 relictis

437 3303 510 3366 tiliis
539 3304 586 3366 vel
619 3304 724 3383 aliquo
755 3304 998 3383 consanguineo.
1053 3304 1089 3365 Et
1118 3322 1189 3365 curn
1218 3303 1311 3366 exiret
1341 3304 1503 3366 universus

382 3409 423 3456 855
440 3393 575 3472 populus
589 3393 628 3454 ad
645 3393 855 3472 sepeliendum
873 3411 986 3472 corpus
1002 3392 1090 3471 regis,
1114 3392 1298 3454 transierunt
1313 3393 1394 3454 iuxta
1410 3393 1501 3455 istum

437 3482 578 3543 iuvenem
596 3481 649 3559 qui
665 3481 790 3544 sedebat
806 3481 848 3544 ibi
865 3499 930 3544 non
946 3499 1076 3560 surgens
1091 3480 1130 3543 de
1150 3481 1219 3544 loco
1243 3499 1300 3542 nec
1315 3481 1503 3560 compatiens

438 3569 528 3630 morti
559 3570 651 3647 regis.
698 3570 746 3632 De
773 3588 838 3648 quo
870 3570 1037 3633 mirabatur
1067 3570 1211 3650 populus,
1241 3573 1271 3631 et
1297 3587 1367 3632 curn
1396 3570 1436 3632 ab
1464 3588 1502 3632 eo

438 3657 675 3736 interrogassent
697 3675 818 3720 causam
843 3677 946 3737 quare,
970 3659 1021 3721 ille
1044 3659 1179 3736 obticuit,
1203 3663 1232 3720 et
1255 3675 1319 3720 non
1344 3658 1504 3738 respondit

439 3745 613 3825 quicquam,
638 3746 864 3825 propterquod
888 3748 1035 3826 expulsus
1059 3752 1104 3810 est
1126 3747 1165 3809 de
1189 3748 1242 3810 illo
1266 3747 1344 3809 loco.
1377 3749 1501 3810 Etcum

383 3853 424 3898 ooo
440 3834 574 3896 redirent
596 3833 635 3896 de
650 3835 806 3914 sepultura
823 3835 911 3914 regio,
935 3836 1011 3897 vidit
1026 3837 1128 3916 ipsurn
1145 3836 1196 3898 ille
1211 3837 1265 3915 qui
1285 3854 1356 3898 eurn
1373 3835 1505 3916 expulsit

439 3929 468 3986 et
490 3923 565 3984 dixit
588 3923 629 3984 ei:
654 3924 767 3986 Nonne
790 3923 845 3985 tibi
862 3925 992 4004 precepi,
1017 3929 1050 3986 ut
1066 3943 1129 3987 non
1144 3925 1278 4004 amplius
1294 3924 1344 3986 hic
1358 3924 1503 3987 sederes?

440 4014 475 4076 Et
504 4012 618 4092 accepit
647 4031 718 4074 eurn
749 4017 778 4074 et
808 4013 930 4074 inclusit
959 4031 1029 4074 eurn
1062 4014 1093 4074 in
1124 4031 1252 4076 carcere.
1305 4013 1503 4092 Congregato

438 4119 512 4165 vero
535 4101 681 4164 universo
710 4102 828 4181 populo
852 4105 885 4162 ut
908 4102 967 4163 sibi
991 4120 1094 4180 regern
1116 4102 1341 4178 constituerent,
1365 4096 1501 4186 surrexit}

439 4192 488 4254 hic
517 4191 570 4269 qui
602 4190 701 4252 tilium
732 4190 812 4268 regis
843 4189 874 4250 in
906 4207 1024 4251 carcere
1058 4189 1212 4252 detinebat
1241 4194 1270 4252 et
1300 4190 1375 4269 ipsis
1404 4194 1502 4252 totum
