3584 4884
838 425 1080 480 -140-

427 597 587 660 duxerunt.
635 595 698 665 Rex
720 613 794 659 vero
818 595 903 658 dedit
924 596 1119 673 sentenciam,
1148 600 1182 658 ut
1203 596 1285 658 leoni
1308 595 1432 658 daretur
1453 595 1493 657 ad

372 704 413 750 999
428 684 652 762 deuorandum,
684 688 714 747 et
740 684 825 763 quod
856 684 961 748 nullus
990 684 1076 748 cibus
1107 685 1189 748 leoni
1213 685 1343 761 daretur,
1373 688 1402 746 et
1424 685 1493 762 boc,

427 779 459 838 ut
487 792 558 837 eum
590 773 761 837 deuoraret.
808 773 899 836 Miles
928 791 1002 835 vero
1033 791 1104 835 cum
1134 773 1172 836 ad
1204 791 1275 836 eum
1307 773 1339 835 in
1369 773 1493 836 foueam

426 867 504 926 esset
519 863 680 943 proiectus,
696 862 779 939 vltra,
796 880 888 941 quam
906 861 988 925 credi
1005 866 1112 942 potest
1132 863 1232 925 timuit
1248 863 1494 942 exspectauitque

427 952 543 1029 horam,
567 951 694 1032 quando
718 952 928 1015 deuoraretur.
970 952 1032 1014 Leo
1055 970 1126 1014 cum
1151 969 1222 1014 eum
1246 950 1379 1028 vidisset
1402 969 1493 1031 apro-

426 1041 595 1122 pinquauit,
619 1044 741 1103 etcum
765 1040 831 1103 eius
855 1040 999 1103 noticiam
1023 1040 1155 1116 haberet
1183 1058 1265 1117 eum,
1289 1041 1493 1120 inquantum

371 1146 412 1193 995
428 1129 533 1209 potuit,
566 1129 695 1210 protexit
722 1147 778 1192 nec
807 1129 884 1192 alios
914 1128 1059 1209 permisit,
1090 1130 1144 1208 qui
1175 1129 1206 1191 in
1237 1129 1330 1192 louea
1355 1147 1426 1191 cum
1454 1147 1494 1191 eo

426 1211 517 1294 eran‘t,
541 1222 572 1280 vt
595 1236 665 1280 eum
689 1218 877 1296 attingerent
926 1219 961 1280 Et
983 1217 1028 1280 sic
1050 1218 1099 1280 leo
1122 1218 1188 1280 sine
1211 1218 1283 1281 cibo
1306 1219 1358 1281 Vll
1382 1216 1494 1281 diebus

427 1307 577 1384 remansit,
600 1311 630 1369 et
653 1306 741 1369 miles
763 1307 875 1370 illesus.
923 1306 987 1375 Rex
1009 1324 1080 1369 cum
1104 1307 1165 1370 hoc
1186 1307 1328 1384 audisset,
1351 1307 1494 1369 ammira-

427 1396 514 1460 batur
544 1395 676 1475 fecitque
707 1395 833 1457 militem
862 1395 902 1457 de
933 1395 1025 1458 touea
1054 1396 1170 1458 extrahi
1202 1400 1232 1458 et
1261 1397 1303 1458 ait
1330 1395 1370 1458 ei:
1413 1395 1495 1460 „Dic

427 1483 528 1562 michi,
552 1484 716 1562 karissime,
740 1483 903 1562 quomodo
920 1488 1019 1563 potest
1033 1486 1141 1547 esse?“
1175 1484 1240 1558 Qui
1256 1485 1309 1547 ait:
1336 1484 1494 1549 „Domine

371 1590 412 1638 999
429 1573 479 1651 mi,
509 1573 603 1636 semel
636 1591 689 1653 per
716 1571 825 1636 siluam
859 1573 1002 1652 equitaui,
1035 1573 1083 1635 leo
1114 1574 1169 1636 iste
1193 1574 1285 1636 michi
1316 1574 1495 1636 occurrebat

426 1661 639 1740 claudicand0;
664 1679 723 1741 ego
739 1679 813 1724 vero
828 1661 950 1741 spinam
974 1661 1014 1724 de
1030 1661 1109 1742 pede
1124 1662 1191 1725 eius
1206 1663 1318 1724 extraxi
1335 1667 1364 1724 et
1379 1662 1494 1724 vulnus

425 1751 539 1828 sanaui,
564 1755 592 1814 et
608 1751 678 1814 ideo
695 1754 819 1831 propter
835 1750 920 1828 illud,
944 1757 978 1813 ut
999 1751 1101 1827 credo,
1125 1751 1218 1814 michi
1243 1751 1406 1832 pepercit.⁴¹
1443 1750 1495 1812 nit

427 1858 490 1902 rex:
510 1877 523 1905 ll
531 1841 575 1902 Ex
590 1858 654 1920 quo
670 1840 727 1917 leo,
743 1839 855 1902 animal
872 1839 1092 1917 irracionabile,
1108 1840 1163 1902 tibi
1180 1842 1328 1920 parcebat,
1343 1838 1494 1902 ammodo

426 1929 548 1992 studeas
563 1928 653 1991 vitam
671 1933 753 1991 tuam
771 1928 938 2008 corrigere!
978 1929 1047 1991 Tibi
1073 1928 1201 2007 remitto,
1225 1928 1379 2009 quidquid
1396 1946 1494 2008 vsque

372 2033 413 2080 995
428 2018 489 2080 buc
511 2017 718 2082 commisisti.u
768 2017 820 2080 llle
847 2035 921 2080 vero
950 2018 1014 2097 regi
1042 2018 1159 2096 gracias
1189 2018 1251 2097 egit
1278 2023 1308 2080 et
1337 2021 1406 2098 post
1437 2018 1494 2080 hec

426 2106 516 2169 vitam
541 2124 628 2170 snam
653 2107 782 2169 correxit
804 2106 934 2186 diesque
956 2123 1031 2169 suos
1055 2107 1086 2168 in
1111 2125 1185 2187 pace
1207 2107 1319 2170 finiuit.

773 2300 849 2381 eap.
878 2307 940 2364 559
966 2302 1025 2381 (aa
1050 2303 1145 2382 aaa).

633 2420 676 2476 De
689 2423 846 2490 mercatore,
869 2422 917 2493 qui
932 2422 968 2478 lll
981 2422 1133 2494 sapiencias
1145 2421 1279 2479 vendidit.

519 2558 545 2613 l.
572 2549 774 2612 Domicianus
802 2551 942 2629 regnauit
972 2552 1109 2630 prudens
1136 2550 1225 2613 valde
1252 2569 1288 2614 ac
1311 2568 1366 2630 per
1388 2551 1495 2613 omnia

426 2638 530 2716 iustus,
570 2639 600 2700 in
636 2642 751 2701 tantum
788 2639 873 2718 quod
909 2639 985 2702 nulli
1024 2640 1173 2721 parcebat,
1209 2640 1285 2719 quin
1321 2657 1376 2720 per
1409 2640 1493 2702 uiam

426 2727 542 2791 iusticie
572 2726 732 2790 incederet.
779 2727 896 2791 Accidit
926 2729 1029 2806 semel,
1061 2747 1132 2792 cum
1163 2729 1194 2790 in
1228 2746 1335 2791 mensa
1364 2728 1492 2805 sederet,

371 2835 412 2880 959
428 2816 510 2880 venit
539 2816 665 2896 quidam
699 2817 795 2879 homo
823 2816 861 2878 ad
891 2817 1013 2880 ianuam
1037 2823 1066 2880 el
1096 2817 1237 2898 pulsauit
1285 2817 1396 2880 Ianitor
1418 2835 1493 2880 vero

426 2925 547 2970 musam
564 2905 750 2986 pulsacionis
766 2906 907 2986 quesiuit.
931 2906 970 2969 At
993 2907 1055 2969 ille:
1083 2908 1254 2972 „Mercator
1276 2924 1345 2969 sum
1369 2910 1493 2968 etcum

427 2996 608 3076 imperatore
631 2994 716 3074 loqui
741 2995 858 3073 vellem,
883 2995 957 3076 quia
978 2995 1083 3076 aliquo
1099 2995 1138 3058 ad
1163 2994 1362 3058 uendendum
1392 2995 1493 3057 babeo

427 3102 484 3164 pro
515 3085 639 3147 utilitate
666 3099 749 3147 suas*
799 3085 911 3147 Ianitor
941 3085 997 3148 bec
1024 3084 1152 3147 audiens
1181 3084 1283 3164 ipsum
1316 3083 1493 3147 introduxit

428 3173 513 3236 Dixit
535 3174 562 3235 ei
587 3173 764 3254 imperator:
791 3174 985 3251 „Karissime
1009 3173 1085 3254 quid
1109 3174 1204 3236 habes
1227 3173 1266 3235 ad
1290 3172 1492 3235 uendendum

372 3279 412 3324 945
429 3280 485 3342 pro
509 3262 631 3324 utilitate
654 3263 763 3325 mea?¹¹
811 3262 850 3324 nt
873 3263 937 3325 ille:
964 3262 1129 3339 „Domine
1155 3263 1191 3324 lll
1215 3262 1413 3343 sapiencias.“
1454 3262 1494 3323 m

427 3351 489 3414 ille:
517 3352 572 3416 „Er
595 3350 757 3430 quomodo
781 3352 949 3431 quamlibet
975 3352 1158 3432 sapienciam
1187 3351 1280 3413 michi
1303 3350 1377 3412 dare
1399 3350 1490 3413 vis?¹¹

426 3439 490 3512 Qui
513 3440 565 3502 ait:
600 3439 681 3505 „Pro
712 3441 745 3502 M
777 3440 931 3503 florenis.‘¹
980 3440 1043 3514 Qui
1072 3441 1160 3502 dixit:
1202 3440 1258 3505 „Et
1286 3439 1312 3502 si
1340 3439 1494 3519 sapiencie

426 3532 476 3590 tue
500 3528 592 3590 michi
617 3546 680 3591 non
705 3533 842 3608 prosunt,
866 3529 1046 3608 peccuniam
1070 3529 1211 3609 perdo?¹‘
1255 3528 1307 3590 nit
1329 3532 1491 3591 mercator:

431 3616 594 3687 „Domine
625 3617 650 3678 si
675 3617 826 3698 sapiencie
855 3637 923 3680 mee
958 3617 1048 3681 vobis
1078 3636 1141 3681 non
1171 3618 1328 3694 valuerint,
1359 3615 1493 3679 reddatis

371 3722 412 3767 959
429 3705 488 3783 (Bl.
513 3706 595 3784 83r.)
620 3705 712 3768 michi
736 3707 937 3785 sapienciasll
974 3707 1026 3769 Ait
1042 3707 1218 3786 imperator:
1246 3706 1392 3786 „Optime
1407 3705 1492 3767 dicis.

428 3793 487 3856 Dic
510 3794 601 3856 michi
626 3794 722 3856 modo
752 3795 928 3875 sapiencias,
959 3813 1036 3875 quas
1066 3795 1199 3858 vendere
1230 3795 1310 3858 vista
1358 3794 1398 3856 nt
1428 3793 1491 3856 ille:

430 3883 594 3959 „Domine
618 3881 716 3962 prima
738 3884 891 3963 sapiencia
914 3889 959 3946 est
981 3884 1049 3948 ista:

560 3975 716 4048 ‘Quidquid
733 3993 808 4048 agas,
827 3977 977 4049 prudenter
994 3993 1062 4048 agas
1080 3980 1107 4032 et
1125 3977 1229 4049 respice
1246 3975 1355 4032 lineml'

427 4061 567 4126 Secunda
589 4061 741 4142 sapiencia
764 4066 820 4125 est:
852 4063 1041 4142 ‘Numquam
1065 4062 1145 4124 viam
1175 4062 1329 4142 publicam
1358 4059 1492 4123 dimittas

372 4169 413 4215 955
428 4157 553 4233 propter
575 4151 707 4231 aliquam
724 4151 871 4228 semitam,
895 4153 921 4214 si
944 4157 976 4213 tu
1001 4151 1105 4229 diligis
1127 4151 1219 4212 vitam
1243 4150 1350 4211 tuaml'
1387 4147 1492 4211 Tereia
