3584 4884
701 456 922 511 -49-

278 624 316 686 ad
340 624 442 688 socios
464 642 547 702 suos,
580 626 711 687 narravit
733 626 777 687 eis
800 626 907 689 omnia
928 643 990 704 que
1013 626 1134 703 fecerat;
1165 626 1219 705 qui
1243 626 1344 707 ipsum

279 712 479 775 laudaverunt
501 731 596 793 super
619 715 687 777 hoe

681 862 709 919 ³.
746 856 799 936 [=
824 855 854 919 s.
880 856 942 935 ra]

228 997 265 1041 rou
370 980 490 1043 Dicitur
512 980 607 1043 fuisse
634 980 717 1060 apud
741 980 907 1060 quemdam
931 980 1034 1043 locum
1062 998 1151 1043 secus
1178 981 1258 1043 viam
1287 983 1344 1061 leo,

278 1070 326 1132 cui
344 1073 429 1131 erant
444 1074 505 1132 tres
520 1069 604 1145 socii,
628 1070 740 1131 scilicet
755 1069 854 1149 lupus,
879 1087 990 1132 corvus
1005 1074 1035 1131 et
1049 1070 1166 1149 vulpes.
1201 1069 1344 1144 Quadam

278 1176 352 1221 vero
368 1158 420 1221 die
435 1176 506 1221 curn
523 1158 750 1237 pertransierint
772 1176 827 1238 per
850 1158 936 1221 illurn
954 1158 1056 1221 locum
1073 1159 1216 1221 homines
1231 1178 1345 1223 merca·

278 1252 367 1325 tores,
399 1246 589 1325 reliquerunt
615 1247 657 1309 ibi
689 1264 786 1309 unum
815 1247 965 1309 camelum
995 1248 1059 1325 qui,
1087 1266 1157 1310 cum
1186 1253 1343 1327 egrotaret,

279 1354 343 1398 non
367 1340 485 1415 poterat
507 1354 541 1398 se
562 1336 720 1398 sustinere.
760 1337 796 1397 Et
818 1336 1036 1415 perambulans
1051 1336 1185 1399 camelus
1208 1339 1346 1417 pervenit

230 1440 266 1485 ru
280 1425 318 1487 ad
335 1425 467 1487 leonem.
502 1424 563 1487 Cui
586 1424 663 1486 dixit
684 1424 746 1487 leo:
769 1424 817 1486 Ad
835 1424 911 1503 quid
927 1425 1058 1487 venisti?
1096 1424 1157 1488 Cui
1174 1427 1344 1507 respondit:

278 1514 359 1577 Volo
387 1530 455 1575 esse
484 1512 635 1576 obediens
662 1514 726 1592 regi
754 1513 876 1576 eteius
904 1513 1045 1576 mandata
1074 1513 1250 1594 adimplere.
1295 1516 1346 1578 Ait

278 1603 340 1665 leo:
364 1602 397 1665 Si
413 1620 513 1664 meam
529 1602 632 1681 diligis
647 1602 818 1665 societatem
834 1606 864 1665 et
881 1602 976 1665 fueris
991 1603 1067 1664 milri
1081 1603 1191 1680 fidelis,
1207 1604 1346 1667 manebis

279 1709 401 1754 mecum
426 1708 496 1753 cunr
522 1690 636 1753 fiducia
658 1695 687 1753 et
709 1690 818 1769 quiete,
847 1708 905 1753 nec
926 1691 1048 1754 timebis
1069 1692 1196 1771 aliquod
1220 1693 1345 1755 malurn.

278 1779 363 1844 Stetit
386 1780 488 1858 itaque
511 1780 645 1842 camelus
668 1798 737 1841 cum
766 1779 855 1842 leone
878 1780 1021 1859 pluribus
1042 1779 1162 1844 diebus.
1200 1780 1344 1854 Quadam

228 1886 354 1931 novero
385 1868 444 1945 die,
480 1885 550 1930 curn
581 1868 712 1931 venisset
741 1868 790 1931 leo
819 1868 859 1931 ad
889 1869 1076 1946 venandum,
1112 1871 1289 1950 supervenit
1317 1871 1344 1932 ei

279 1956 411 2038 elephas,
437 1957 490 2036 qui
514 1975 584 2019 cum
608 1961 758 2037 pugnaret
776 1956 924 2020 adversus
941 1976 1012 2019 eum
1029 1958 1153 2036 fortiter,
1177 1958 1346 2022 momordit

278 2064 350 2109 eum
374 2046 498 2125 elephas
514 2046 658 2109 dentibus
673 2046 704 2107 in
722 2046 825 2109 multis
848 2046 932 2124 locis,
955 2051 985 2108 et
1002 2064 1073 2109 cunr
1089 2065 1106 2109 a
1121 2048 1186 2110 suis
1202 2047 1345 2111 manibus

278 2134 430 2212 evasisset,
461 2135 524 2197 ibat
550 2134 707 2197 involutus
733 2135 884 2214 sanguine
907 2140 936 2197 et
957 2136 1075 2214 absque
1097 2136 1214 2213 virtute,
1245 2136 1346 2200 donec

278 2224 418 2305 pervenit
440 2224 479 2285 ad
504 2224 606 2286 locum
629 2242 730 2302 suum,
762 2242 818 2287 nec
845 2228 963 2304 poterat
989 2224 1136 2305 deinceps
1162 2225 1266 2287 venari
1289 2243 1346 2288 nec

229 2330 265 2376 ru
279 2312 408 2376 circuire
430 2316 549 2377 terram.
596 2312 632 2375 Et
659 2312 770 2375 facturn
799 2317 851 2390 est,
881 2331 952 2375 cum
981 2313 1108 2375 esuriret
1137 2314 1187 2376 leo
1214 2318 1244 2376 et
1269 2315 1344 2377 socii

277 2402 325 2465 sui
355 2420 413 2464 nec
443 2401 589 2464 haberent
616 2402 729 2480 cibum,
760 2405 789 2463 et
815 2401 978 2465 deficiebat
1003 2403 1047 2464 eis
1077 2420 1145 2465 esca
1171 2420 1264 2481 quarn
1296 2403 1345 2466 leo

277 2491 397 2554 solebat
427 2490 471 2553 eis
497 2490 649 2569 exhibere,
679 2490 792 2553 facturn
823 2494 868 2553 est
897 2491 958 2553 hoc
985 2491 1029 2553 eis
1055 2491 1145 2553 valde
1172 2492 1344 2554 molestum.

279 2582 315 2642 Et
337 2579 530 2643 contristatus
553 2579 602 2642 leo
625 2596 719 2660 super
741 2580 808 2657 hoc,
831 2579 873 2641 ait
895 2580 951 2642 eis:
979 2580 1112 2642 Multum
1137 2580 1295 2643 laborastis
1317 2585 1347 2643 et

278 2654 422 2749 indigetis
456 2667 536 2732 cibo.
585 2668 646 2731 Cui
681 2668 838 2731 dixerunt:
873 2669 946 2731 Non
981 2668 1124 2731 dolemus
1155 2673 1271 2731 tantum
1305 2670 1345 2732 de

229 2776 265 2821 ur
279 2757 423 2837 personis
446 2756 566 2833 nostris,
597 2761 746 2837 quantum
770 2756 810 2821 de
839 2775 972 2837 persona
999 2758 1088 2837 regis,
1118 2757 1346 2821 considerantes

277 2846 431 2909 defectum
455 2850 551 2924 tuum,
578 2850 607 2909 et
629 2846 716 2925 quod
739 2863 903 2927 possemus
924 2846 1041 2926 aliquid
1065 2846 1184 2909 bonum
1208 2847 1346 2909 invenire

278 2954 335 3015 pro
359 2939 483 2997 tecum
507 2938 613 2998 nostro
636 2935 778 2999 exercitio
801 2939 830 2997 et
856 2934 971 3014 labore,
994 2936 1142 3015 quoniam
1169 2935 1346 2999 laboramus

278 3024 449 3104 diligenter.
505 3024 541 3085 Et
573 3024 614 3086 ait
647 3024 692 3087 eis
726 3024 788 3087 leo:
823 3024 903 3100 Scio
938 3024 1074 3104 inquam,
1109 3024 1283 3087 fidelitatem
1316 3029 1346 3087 et

278 3112 475 3176 dilectionem
509 3117 639 3175 vestram
675 3130 747 3193 erga
781 3131 831 3176 me
866 3117 895 3175 et
924 3113 1044 3177 bonum
1078 3114 1252 3191 consilium,
1287 3131 1345 3193 pro

230 3220 266 3265 rur
280 3202 396 3281 quibus
419 3200 497 3264 deus
520 3205 693 3264 remuneret
714 3202 804 3265 vobis
820 3202 916 3279 bona;
938 3206 1148 3264 verumtamen
1168 3202 1194 3265 si
1217 3202 1347 3282 possetis

278 3291 406 3354 circuire
434 3308 585 3369 campum,
616 3290 743 3354 forsitan
774 3291 951 3353 inveniretis
980 3290 1098 3370 aliquid
1128 3290 1207 3353 cirea
1234 3308 1291 3354 vos
1317 3295 1346 3353 et

278 3379 421 3442 deferetis
449 3378 537 3457 mihi;
565 3378 621 3442 erit
644 3380 704 3443 hoc
726 3379 845 3442 bonum
869 3397 928 3459 pro
944 3398 993 3442 me
1016 3383 1046 3442 et
1067 3379 1166 3443 vobis
1200 3378 1346 3459 Cumque

279 3469 396 3531 exirent
423 3472 453 3530 et
479 3485 511 3531 se
539 3468 759 3549 prolongarent
784 3486 802 3531 a
825 3469 923 3546 leone,
951 3469 1128 3548 congregati
1155 3473 1228 3531 sunt
1254 3468 1345 3531 siinul

279 3558 381 3637 lupus,
412 3556 521 3637 vulpes
548 3560 578 3619 et
605 3575 724 3636 corvus
755 3561 784 3619 et
806 3561 935 3637 egerunt
957 3557 1120 3620 eonsilium
1143 3556 1182 3619 ad
1206 3557 1346 3620 invicem.
1388 3564 1391 3569 '

232 3663 268 3707 no
283 3646 318 3708 Et
340 3645 486 3707 dixerunt
506 3645 545 3708 ad
569 3646 712 3709 invicem:
742 3645 828 3720 Quid
852 3647 913 3709 hoc
940 3646 1102 3709 nobiscum
1126 3647 1181 3709 iste
1204 3647 1346 3723 camelus,

280 3752 350 3797 curn
374 3734 517 3797 comedat
538 3735 649 3797 herbas
673 3753 731 3799 nos
753 3754 827 3798 vero
843 3752 958 3812 carnes,
981 3753 1038 3798 nec
1060 3739 1106 3797 est
1128 3735 1167 3798 de
1190 3752 1302 3814 genere
1318 3740 1347 3797 et

280 3823 411 3887 consilio
435 3825 563 3887 nostro?
601 3826 674 3886 Non
698 3828 743 3887 est
765 3824 857 3887 nobis
879 3824 990 3886 melius
1013 3824 1071 3886 nisi
1096 3824 1139 3885 ire
1161 3824 1200 3885 ad
1224 3825 1346 3886 leonem

281 3917 308 3974 et
330 3912 390 3975 sibi
414 3912 574 3975 consulere
601 3912 687 3993 quod
712 3912 852 3975 comedat
879 3912 990 3993 ipsum,
1019 3916 1048 3974 et
1075 3916 1252 3993 reputemus
1275 3930 1345 3974 eum

280 4000 372 4063 vitem
404 4005 434 4063 et
463 4000 639 4081 despectum
672 4001 703 4063 in
735 4002 832 4064 oculis
862 4002 935 4064 suis.
980 4002 1030 4062 Ait
1059 4001 1151 4081 lupus
1181 4001 1238 4062 eis:
1273 4000 1345 4063 Non

233 4106 269 4152 ras
283 4094 383 4169 potest
405 4089 466 4153 hoc
488 4090 563 4167 fieri,
588 4108 645 4153 nee
667 4091 753 4153 decet
775 4108 834 4153 nos
856 4089 973 4169 aliquid
989 4089 1029 4151 de
1045 4089 1113 4169 ipso
1129 4088 1241 4151 referre
1265 4088 1346 4150 leoni

282 4182 407 4259 propter
430 4177 524 4241 fidem
547 4196 641 4259 quarn
664 4179 749 4241 dedit
771 4179 839 4242 sibi.
883 4178 935 4240 Ait
956 4195 1081 4241 corvus:
1104 4176 1213 4240 Sedete
1235 4194 1291 4239 vos
1315 4177 1345 4237 in

309 4296 424 4350 ulrich,
444 4296 582 4342 Laleinische
595 4298 730 4342 Novellistik
748 4298 787 4341 des
801 4296 949 4340 mittelalters.
1188 4300 1204 4345 4
