3584 4884
711 406 953 463 -193-

291 579 472 660 properavit
501 578 625 641 cuidam
652 578 707 658 qui
729 576 771 640 de
793 576 906 642 infimo
934 595 1047 658 genere
1075 578 1107 641 in
1137 578 1288 659 probibate
1309 596 1366 642 sua

158 743 159 752 ἵ
290 668 484 744 ascenderat,
515 672 546 730 et
569 666 657 747 [bic],
687 685 759 730 curn
782 666 815 729 in
838 666 986 747 dignitate
1014 668 1240 731 transcenderet
1266 684 1366 747 genus

290 776 396 835 suum,
420 756 473 820 ait:
506 755 669 833 ‚Gaudeo
697 756 771 835 quia
792 760 917 835 egomet
938 756 1064 833 surrexi,
1096 760 1128 819 tu
1151 760 1253 819 autern
1277 760 1366 821 exte

202 842 276 911 'aaa
292 846 444 923 cecidisti,
477 845 583 925 generi
615 849 670 908 tuo
703 844 801 909 factus
835 845 868 906 in
902 843 1050 922 dedecus,
1084 850 1114 909 et
1147 863 1207 925 ego
1240 845 1362 909 decus*¹

291 936 369 999 Item
404 934 483 999 alius
512 932 720 1015 philosophus
756 933 808 995 alii
843 932 926 996 idem
957 933 1102 997 obicienti
1131 934 1184 997 ait:
1218 932 1365 999 „Crimen

292 1024 381 1103 quod
406 1023 506 1087 obicis
535 1023 612 1086 mihi
642 1022 858 1103 imputandum
886 1026 932 1085 cst
956 1022 1163 1104 [sapiencie?],
1193 1026 1281 1085 tuum
1310 1022 1365 1086 tibi

292 1112 513 1194 imputandum
536 1116 583 1175 est
604 1112 754 1191 ignavie·
791 1112 872 1175 Vera
885 1116 988 1174 autem
1005 1111 1148 1175 nobilitas
1162 1116 1207 1175 est
1222 1110 1366 1175 nobilitas

291 1201 406 1281 gracie,
436 1219 531 1281 quam
555 1201 609 1280 qui
636 1219 708 1263 vere
736 1200 835 1276 habet,
864 1200 924 1263 Dei
952 1200 1037 1263 filius
1064 1204 1109 1264 est
1131 1204 1160 1263 et
1182 1198 1367 1280 dedignatur

233 1308 277 1353 ooo
294 1308 443 1372 peccare.
457 1338 485 1352 ..

675 1433 727 1494 2⁵.
776 1430 831 1510 l=
854 1429 885 1494 s.
910 1430 995 1510 aaa]

387 1556 460 1619 ltem
477 1554 605 1635 quidam
620 1554 707 1631 alius,
729 1554 849 1617 habens
864 1571 993 1618 uxorem
1018 1553 1255 1633 inobedientem,
1278 1554 1367 1619 finxit

293 1663 329 1709 se
344 1645 390 1707 ire
404 1644 444 1707 ad
461 1643 630 1720 nundinas;
653 1643 789 1725 precepit
803 1643 831 1706 ei
847 1642 934 1723 quod
950 1647 1068 1707 caveret
1087 1661 1127 1707 ne
1148 1642 1254 1723 aliquo
1270 1642 1366 1708 modo

293 1734 430 1813 digitum
452 1750 545 1796 suum
574 1736 703 1813 poneret
729 1732 762 1794 in
785 1731 937 1795 foramine
967 1732 1089 1813 parietis
1111 1732 1279 1812 cujusdam,
1312 1732 1366 1813 qui

295 1827 362 1885 erat
388 1822 421 1883 in
449 1821 556 1885 domo.
601 1820 685 1885 Cum
715 1820 766 1883 illa
795 1838 900 1883 secum
934 1821 1095 1883 miraretur
1124 1839 1218 1901 quare
1249 1822 1310 1885 hoc
1338 1820 1366 1885 ei

236 1929 280 1976 aaa
295 1911 491 1988 inhibuisset,
514 1909 599 1974 venit
612 1909 652 1973 ad
668 1910 823 1990 parietem,
847 1912 918 1991 post
941 1927 1034 1988 quem
1058 1910 1109 1973 ille
1132 1910 1249 1973 latebat
1284 1908 1367 1974 Cum

293 2004 399 2063 autem
434 1999 486 2062 illa
519 1999 696 2079 frequenter
727 1997 860 2078 digitum
890 1998 923 2061 in
958 1998 1110 2063 foramine
1143 1998 1215 2062 dicti
1246 1998 1367 2079 parietis

294 2093 434 2171 poneret,
465 2087 516 2151 ille
538 2106 610 2151 cum
640 2087 746 2167 gladio
774 2086 907 2167 digitum
936 2087 1002 2168 eius
1031 2088 1210 2168 amputavit;
1241 2086 1299 2171 illa,
1329 2106 1367 2151 ex

293 2196 353 2241 sua
376 2177 591 2241 inobediencia
613 2176 675 2240 hoc
696 2180 856 2257 reportans
870 2176 1114 2255 incommodum,
1137 2180 1284 2257 arguente
1299 2194 1366 2241 earn

294 2267 337 2329 de
360 2266 422 2330 hoc
443 2284 517 2347 sepe
539 2266 608 2329 viro
630 2283 698 2345 suo,
722 2266 832 2328 melius
855 2264 983 2329 obedire
1007 2266 1130 2329 curavit

677 2412 728 2470 2⁶.
776 2408 830 2487 [=
854 2407 885 2471 s.
910 2407 995 2487 aaa]

239 2552 281 2597 roo
390 2534 498 2597 Homo
520 2532 648 2613 quidam
668 2532 757 2596 dives
778 2532 857 2595 inter
878 2532 953 2595 alias
975 2549 1047 2595 suas
1069 2532 1195 2597 divicias
1217 2534 1366 2598 annulum

296 2640 397 2685 unum
421 2622 596 2703 preciosum
613 2622 721 2685 habuit
735 2622 767 2683 in
783 2639 848 2701 quo
863 2625 927 2684 erat
946 2620 1023 2701 lapis
1046 2621 1206 2702 preciosus
1223 2622 1367 2703 inclusus,

296 2712 417 2775 habens
431 2710 600 2775 efficaciam
616 2714 723 2773 contra
732 2728 859 2774 omnem
876 2710 1092 2787 infirmitatem,
1107 2715 1141 2774 ut
1155 2729 1221 2775 eam
1238 2716 1367 2791 curaret,

296 2801 447 2881 quicum
471 2818 601 2863 uxorem
625 2800 758 2877 haberet,
782 2799 900 2879 peperit
922 2798 950 2862 ei
974 2798 1069 2863 filiam
1093 2799 1273 2880 legitimam
1301 2818 1368 2865 cor-

298 2893 389 2971 rupta
411 2892 517 2969 postea
540 2906 620 2953 uxor
641 2887 721 2952 dicta
743 2907 762 2951 a
784 2888 959 2965 lenonibus,
983 2888 1101 2969 peperit
1122 2888 1197 2953 alias
1220 2888 1368 2971 plurimas

152 3059 153 3064 ἵ
239 2995 283 3043 roa
298 2978 340 3041 de
361 2976 516 3054 adulteris,
539 2995 602 3057 que
617 2976 675 3040 viri
698 2977 746 3041 sui
770 2994 837 3040 esse
860 2976 1119 3057 legitimeputate
1142 2982 1221 3042 sunt
1259 2978 1367 3043 Virum

297 3070 490 3131 autemnon
518 3066 604 3129 latuit
630 3066 704 3143 hoc,
732 3066 880 3146 quicum
911 3070 1088 3145 moreretur,
1121 3066 1260 3131 condidit
1282 3071 1368 3133 testa·

298 3160 437 3219 mentum
459 3174 563 3231 suum,
587 3154 674 3235 quod
697 3154 815 3218 annulo
838 3172 897 3218 suo
917 3154 1067 3235 sigillavit
1091 3155 1122 3218 in
1146 3173 1211 3236 quo
1234 3156 1368 3222 contine·

298 3246 389 3309 batur
410 3245 496 3325 quod
526 3244 590 3307 filie
616 3261 673 3307 sue
700 3244 835 3324 legitime
864 3244 933 3324 jure
964 3243 1147 3309 hereditario
1178 3244 1370 3326 relinquebat

297 3334 458 3413 annulum,
487 3338 516 3397 et
538 3332 735 3396 hereditatem
760 3332 803 3395 illi
825 3332 1006 3396 tradendam
1029 3333 1078 3397 cui
1102 3334 1252 3397 annulum
1275 3350 1367 3399 suurn

241 3441 285 3487 πο
299 3422 445 3487 traderet:
475 3427 505 3485 et
526 3439 702 3486 convocans
729 3422 834 3499 filiam,
865 3421 981 3485 dictum
1005 3422 1155 3486 annulum
1187 3422 1214 3487 ei
1238 3422 1368 3503 tradidit,

298 3516 329 3574 et
352 3516 494 3577 mortuus
517 3515 573 3589 est,
604 3510 691 3591 quod
713 3511 842 3574 scientes
865 3510 1043 3575 consimiles
1072 3511 1206 3577 annulos
1227 3511 1286 3576 alie
1308 3512 1368 3579 sibi

298 3600 367 3664 fieri
400 3600 546 3663 fecerunt
598 3600 681 3664 Cum
714 3604 816 3663 autem
847 3618 951 3663 coram
986 3600 1088 3679 judice
1117 3604 1196 3667 esset
1228 3606 1368 3683 apertum

298 3693 522 3766 testamentum,
554 3689 690 3769 quelibet
719 3688 853 3753 ostendit
881 3689 1032 3753 annulum
1062 3707 1154 3753 suum
1184 3694 1214 3755 et
1242 3708 1275 3755 se
1303 3709 1369 3759 esee

299 3778 467 3858 legitimam
490 3777 575 3840 dixit
610 3778 709 3857 Judex
723 3782 824 3841 autem
841 3777 964 3859 sapiens
979 3778 1114 3843 annulos
1135 3779 1233 3845 dictos
1256 3780 1369 3845 exami-

243 3883 286 3931 na
301 3866 367 3929 nan'
398 3866 468 3930 fecit
497 3867 529 3929 in
559 3866 669 3930 vinute
699 3885 856 3945 curarum;
892 3884 963 3931 cum
993 3872 1095 3932 autem
1126 3869 1157 3933 in
1187 3868 1254 3933 aliis
1285 3869 1369 3935 nulla

256 4024 263 4037 ‚
298 3956 396 4020 virtus
418 3956 607 4019 inveniretur
629 3956 759 4037 penitus,
783 3956 950 4037 illamque
973 3956 1080 4021 habuit
1101 3958 1251 4023 annulum
1275 3957 1369 4023 virtu·

299 4062 390 4109 osum
415 4043 581 4125 legitimam
603 4044 756 4124 iudicavit
780 4050 809 4108 et
824 4044 1020 4109 hereditatem
1037 4046 1065 4110 ei
1081 4050 1236 4127 paternam
1254 4045 1369 4111 haben·

299 4132 371 4197 dam
394 4132 588 4213 adjudicavit,
611 4138 641 4197 et
661 4132 736 4197 alias
759 4134 933 4214 illegitimas
956 4134 1149 4216 reputandas.

327 4251 442 4303 Ulricb,
463 4251 602 4297 Lateiniaclae
615 4250 751 4296 Novellistilr
764 4252 804 4297 des
818 4252 967 4297 mittelalters.
1211 4260 1242 4311 13

154 1341 155 1402 l

154 1431 156 1486 l

153 1507 155 1548 v

153 1573 154 1626 l

153 1749 155 1800 l
