3584 4884
707 484 928 545 „25-

276 677 352 722 vero
369 659 494 740 palpato
510 660 611 740 pulsu,
628 660 738 722 iterum
754 660 907 723 etiterum
924 661 1014 724 urina
1024 666 1167 742 respecta,
1184 661 1300 724 nullam
1317 663 1349 724 in

278 766 316 811 eo
331 754 548 827 cognoverunt
563 748 783 812 infirmitatem:
802 750 918 813 amoris
929 749 1073 813 dixerunt
1083 768 1151 813 esse
1162 750 1349 830 passionem.

229 856 254 901 u
281 838 351 900 iloc
371 838 478 917 agnito
499 838 647 901 dominus
666 839 750 901 venit
768 838 806 901 ad
827 857 899 901 eum
920 843 951 901 et
969 840 1127 920 quaesivit
1150 840 1254 920 siqua
1271 845 1351 903 esset

279 926 392 989 mulier
421 927 454 989 in
482 927 579 990 domo
607 944 664 989 sua
693 944 786 1007 quam
814 928 963 1007 diligeret
1011 930 1040 991 5.
1069 928 1118 991 hd
1146 929 1221 991 haec
1246 946 1350 1009 aeger:

279 1014 421 1078 Ostende
445 1016 521 1078 mihi
545 1034 655 1079 omnes
677 1020 747 1079 tuae
761 1016 876 1080 domus
899 1018 1052 1095 mulieres,
1076 1022 1106 1081 et
1127 1018 1153 1081 si
1177 1017 1255 1080 lorte
1271 1017 1351 1081 hanc

279 1102 388 1167 videro
412 1104 575 1181 intereas,
599 1105 654 1167 tibi
678 1105 846 1169 ostendam.
879 1142 906 1149 -
937 1105 1014 1179 Quo
1035 1106 1142 1169 audito
1165 1105 1300 1169 ostendit
1321 1107 1349 1169 ei

279 1193 456 1256 cantatrices
466 1198 500 1269 ‚et
515 1192 723 1273 pedissequas,
739 1212 870 1273 quarum
884 1194 970 1257 nulla
980 1195 1173 1274 complacuit
1205 1194 1279 1258 Post
1290 1194 1351 1259 hoc

231 1299 256 1344 no
279 1281 416 1345 ostendit
430 1282 457 1343 ei
474 1300 583 1345 omnes
598 1282 687 1346 filias.
724 1283 789 1346 llas
804 1301 932 1363 quoque
947 1282 1027 1347 sicut
1040 1288 1071 1346 et
1085 1284 1204 1364 priores
1218 1283 1350 1346 omnino

280 1370 393 1450 repulit
407 1374 499 1451 alque
515 1371 655 1449 neglexit
693 1376 721 1433 6.
744 1372 886 1435 Habebat
900 1376 1002 1435 autem
1018 1371 1168 1435 dominus
1182 1371 1348 1452 quamdam

280 1459 420 1522 nobilem
444 1460 577 1539 puellam
598 1460 631 1523 in
652 1460 749 1524 domo
768 1478 831 1538 sua,
853 1478 948 1541 quam
969 1460 1023 1524 diu
1043 1461 1105 1540 jam
1121 1460 1302 1524 educaverat
1316 1466 1351 1523 ut

279 1566 346 1611 eam
368 1548 518 1629 acciperet
538 1549 569 1611 in
591 1567 729 1627 uxorem,
753 1568 846 1630 quam
867 1554 897 1611 et
917 1549 1051 1613 ostendit
1069 1550 1106 1613 ei.
1151 1549 1252 1629 Aeger
1274 1567 1349 1613 vero

278 1640 400 1717 aspecta
416 1637 540 1700 hacait:
566 1638 610 1700 lix
625 1638 682 1701 hac
697 1642 741 1701 est
756 1639 832 1701 mihi
849 1656 943 1717 mors,
958 1643 1040 1702 etex
1060 1639 1118 1701 hac
1137 1656 1206 1701 mea
1220 1638 1290 1701 vita
1314 1674 1339 1682 -

231 1744 256 1789 an
280 1726 356 1800 Quo
371 1726 479 1790 audito
490 1726 576 1789 dedit
589 1745 684 1806 aegro
696 1727 829 1807 puellam
846 1728 984 1791 nobilem
1001 1728 1033 1789 in
1052 1744 1181 1791 uxorem
1198 1744 1269 1790 cum
1282 1744 1349 1790 om-

280 1815 374 1879 nibus
390 1834 472 1895 quae
494 1820 557 1878 erat
571 1834 641 1878 cum
659 1834 694 1877 ea
716 1820 903 1896 accepturus,
926 1820 957 1879 et
979 1820 1132 1897 praeterea
1155 1815 1241 1878 dedit
1262 1816 1290 1879 ei
1314 1834 1349 1879 ea

279 1922 360 1983 quae
379 1908 444 1967 erat
463 1904 590 1967 daturus
610 1905 729 1985 puellae
749 1906 774 1969 si
795 1924 862 1968 eam
878 1905 1012 1968 duceret.
1045 1940 1072 1949 -
1105 1904 1164 1967 llis
1179 1904 1348 1985 completis,

279 1998 402 2073 accepta
414 2011 510 2056 uxore
526 1997 555 2056 et
570 1993 618 2056 his
634 2012 713 2073 quae
728 2012 798 2057 curn
815 2012 914 2057 uxore
927 1997 1083 2075 acceperat
1097 1998 1127 2055 et
1142 1993 1349 2073 negotiatione

278 2080 356 2145 faeta
380 2080 471 2144 rediit
492 2082 524 2144 in
547 2082 685 2162 patriam.

231 2186 255 2231 ao
374 2176 402 2233 7.
428 2170 567 2251 Contigit
585 2175 686 2234 autem
708 2176 778 2252 post
798 2172 872 2235 haec
892 2176 927 2233 ut
945 2171 1150 2251 Aegyptiacus
1169 2170 1275 2233 omnia
1293 2187 1349 2233 sua

280 2259 385 2322 multis
407 2259 511 2323 modis
525 2260 684 2338 amitteret;
709 2264 739 2323 et
761 2278 878 2342 pauper
900 2260 1029 2323 eftectus
1051 2259 1196 2339 cogitavit
1209 2258 1292 2340 apud
1315 2276 1350 2322 se

279 2348 366 2427 quod
383 2348 441 2410 iret
462 2347 593 2411 Baldach
608 2348 647 2411 ad
663 2349 796 2413 amicum
813 2367 905 2412 snum
922 2367 1015 2428 quem
1031 2349 1075 2412 ibi
1091 2348 1231 2423 habebat,
1252 2351 1286 2410 ut
1299 2348 1347 2410 sui

280 2438 484 2500 misereretur.
524 2439 565 2500 lta
584 2456 660 2517 ergo
681 2437 784 2501 nudus
804 2442 834 2501 et
853 2438 1012 2501 famelicus
1032 2438 1088 2500 iter
1107 2436 1242 2517 arripuit,
1257 2440 1349 2516 atque

280 2526 415 2589 Baldach
428 2526 624 2607 intempestae
636 2527 735 2590 noctis
745 2526 867 2590 silentio
879 2527 1025 2607 pervenit
1041 2562 1067 2570 -
1086 2532 1115 2588 8.
1129 2524 1236 2589 Pudor
1246 2530 1347 2588 autem

232 2632 256 2677 aa
279 2616 421 2679 obstabat
443 2614 471 2677 ei
495 2633 534 2678 ne
555 2616 644 2678 amici
666 2614 795 2679 domum
816 2615 921 2693 adiret,
945 2633 984 2677 ne
1002 2615 1082 2678 torte
1102 2614 1278 2694 incognitus
1297 2614 1347 2677 tali

279 2708 420 2785 tempore
431 2704 472 2767 de
483 2703 580 2768 domo
588 2704 759 2785 pelleretur.
783 2704 946 2785 Templum
959 2722 1036 2784 ergo
1047 2702 1207 2783 quoddam
1220 2703 1347 2779 intravit

281 2798 312 2855 ut
328 2793 447 2856 ibidem
464 2798 662 2873 pernoctaret.
687 2792 747 2857 Sed
764 2811 861 2873 quum
879 2792 922 2855 ibi
938 2793 1048 2856 anxius
1063 2793 1159 2855 multa
1172 2810 1277 2855 secum
1293 2792 1347 2854 diu

280 2884 417 2945 volveret
438 2886 636 2944 occurrerunt
655 2882 682 2945 ei
704 2882 768 2945 duo
784 2882 841 2944 viri
865 2900 964 2962 prope
986 2882 1135 2962 templum
1160 2880 1200 2943 de
1222 2880 1348 2956 civitate,

281 2989 416 3051 quorum
434 2988 515 3033 unus
530 2971 623 3033 aliurn
640 2971 795 3049 interiecit,
812 2971 954 3050 clamque
968 2970 1097 3050 aufugit.
1123 2978 1152 3034 9.
1166 2969 1255 3032 Multi
1272 2987 1347 3049 ergo

234 3076 257 3121 ro
281 3060 319 3121 de
334 3059 454 3122 civitate
470 3064 594 3139 propter
605 3060 763 3140 strepitum
776 3064 968 3123 accurrentes
980 3060 1170 3122 interiectum
1184 3058 1347 3138 reperiunt,

281 3154 309 3210 et
330 3152 513 3228 quaerentes
536 3148 678 3228 quisnam
703 3148 907 3212 homicidium
931 3152 1132 3229 perpetrasset
1161 3147 1349 3210 intraverunt

280 3237 441 3317 templum,
457 3241 613 3317 sperantes
628 3237 744 3300 ibidem
757 3236 946 3301 homicidam
963 3236 1104 3317 reperire.
1127 3236 1347 3317 Aegyptiacum

280 3344 353 3389 vero
376 3326 422 3389 sic
443 3325 504 3389 illic
524 3326 687 3406 reperiunt
711 3330 740 3389 et
761 3326 945 3390 sciscitantes
967 3326 1007 3389 ab
1030 3344 1068 3388 eo
1088 3325 1230 3404 quisnam
1246 3325 1347 3388 virum

281 3414 480 3477 interfecisset
498 3415 663 3478 audierunt
677 3415 716 3478 ab
732 3433 783 3478 eo:
809 3416 875 3494 Ego
891 3414 1026 3477 interfeci
1043 3432 1124 3477 eum.
1150 3449 1176 3457 -
1205 3422 1254 3476 t0.
1271 3414 1348 3477 Pau-

234 3518 258 3562 n
281 3508 427 3583 pertatem
451 3504 533 3566 enim
556 3521 644 3567 suam
668 3508 766 3567 morte
788 3504 895 3567 saltem
918 3503 1009 3566 linire
1032 3502 1182 3583 cupiebat.
1230 3502 1348 3583 Captus

281 3592 383 3673 itaque
403 3597 434 3655 et
453 3592 653 3656 incarceratus
673 3597 726 3656 est.
766 3594 859 3655 hlane
878 3596 979 3655 autem
996 3592 1083 3667 tacto,
1099 3591 1265 3672 perductus
1279 3597 1349 3655 ante

280 3681 398 3760 jndices
415 3685 445 3743 et
460 3686 558 3745 mone
573 3681 803 3760 condemnatus,
819 3681 942 3744 ducitur
955 3681 995 3744 ad
1011 3699 1142 3744 cmcem.
1167 3680 1256 3743 Multi
1273 3698 1348 3760 ergo

281 3770 320 3833 de
340 3788 430 3833 more
450 3774 656 3849 occurrerunt,
680 3788 815 3851 quorum
837 3788 920 3833 unus
940 3770 997 3833 fuit
1016 3770 1133 3833 amicus
1153 3787 1237 3847 suus,
1260 3770 1349 3850 cujus

281 3876 372 3922 causa
390 3858 507 3921 adierat
523 3859 664 3922 baldach.
696 3860 756 3922 llic
775 3858 893 3923 acutius
913 3878 982 3922 eum
1007 3860 1130 3921 intuens
1145 3858 1350 3939 deprehendit

234 3960 258 4005 u
282 3964 347 4011 esse
367 3947 502 4009 amicum
524 3966 615 4026 quem
637 3948 668 4010 in
690 3948 830 4029 Aegypto
855 3948 1026 4027 reliquerat
1063 3956 1114 4033 tt.
1139 3946 1349 4015 Reminiscens

283 4036 383 4115 itaque
408 4036 565 4099 bonorum
588 4055 668 4116 quae
695 4037 754 4100 sibi
783 4037 814 4099 in
839 4037 979 4117 Aegypto
1001 4038 1119 4113 fecerat
1149 4035 1349 4115 cogitansque

283 4125 367 4203 quod
384 4128 457 4205 post
477 4128 605 4187 mortem
622 4126 649 4188 ei
666 4126 833 4188 retribuere
848 4143 913 4188 non
929 4129 1053 4205 poterat
1070 4128 1199 4187 mortem
1216 4142 1274 4204 pro
1294 4124 1348 4186 illo

283 4230 314 4276 se
334 4213 441 4276 'subire
462 4210 601 4276 decrevit.
641 4216 724 4277 Voce
744 4232 820 4294 ergo
841 4232 954 4291 magna
974 4213 1126 4276 clamavit:
1150 4212 1237 4285 Quid
1258 4212 1348 4273 inno-
