3584 4884
724 471 968 532 -205—

313 663 390 709 ceno
414 664 495 726 quos
518 644 617 725 potuit
640 646 786 710 invenire.
825 646 862 709 Et
883 646 1047 725 quesivita
1063 646 1162 727 ludeo
1186 665 1247 728 que
1271 648 1380 712 melior

258 751 286 797 rs
313 735 370 797 lex.
417 733 588 815 Respondit
610 734 696 814 quod
719 752 784 799 sua
831 735 867 797 Et
888 734 915 798 si
939 735 1035 813 istam,
1066 736 1173 815 inquit,
1205 736 1379 815 dimitteres,

313 841 406 903 quam
441 824 614 903 acciperes?
669 823 852 904 Respondit:
891 825 1004 903 Legem
1039 824 1283 903 christianorum,
1319 843 1380 905 que

313 912 472 975 descendit
497 931 516 975 a
543 916 655 975 nostra.
701 913 774 975 Item
805 912 937 993 quesivit
965 931 984 975 a
1015 930 1136 993 pagano
1167 932 1229 993 que
1258 914 1379 993 melior;

314 1001 366 1081 qui
395 1000 556 1082 respondit
585 1000 671 1082 quod
699 1019 763 1078 sua,
794 1006 831 1078 et,
861 1001 887 1064 si
919 1002 1000 1064 illam
1032 1001 1203 1080 dimitteret,
1232 1004 1381 1085 acciperet

313 1090 413 1169 legem
437 1090 681 1166 christianorum,
712 1089 786 1169 quia
815 1094 927 1169 nostra,
959 1090 1065 1170 inquit,
1096 1091 1254 1155 descendit
1275 1110 1294 1155 a
1315 1110 1379 1156 sua.

258 1194 287 1241 ou
314 1180 386 1241 Item
411 1178 543 1259 quesivit
564 1197 583 1241 a
604 1179 770 1243 christiano
793 1178 883 1256 illud;
915 1183 944 1241 et
967 1179 1042 1242 dixit
1070 1179 1155 1259 quod
1184 1199 1239 1244 sua
1267 1186 1319 1261 est,
1351 1186 1381 1245 et

313 1267 399 1348 quod
424 1268 539 1330 nullam
566 1267 657 1331 aliam
686 1268 832 1349 reciperet
858 1286 951 1348 quam
980 1287 1077 1331 suam.
1124 1270 1213 1333 Tunc
1234 1270 1287 1333 ait:
1319 1270 1379 1333 Alii

313 1356 386 1435 duo,
409 1357 435 1419 si
459 1356 645 1420 dimitterent
659 1357 750 1437 leges,
773 1358 982 1421 consentirent
1004 1358 1035 1419 in
1060 1358 1146 1421 istam
1153 1380 1160 1435 ;
1184 1358 1239 1422 iste
1262 1360 1378 1422 nullam

312 1445 401 1507 aliam
425 1446 574 1526 acciperet
595 1446 654 1509 nisi
677 1464 778 1523 suam;
812 1446 891 1509 hanc
921 1446 1003 1526 eligo
1027 1450 1056 1509 et
1082 1446 1187 1527 judico
1211 1448 1379 1513 meliorem.

314 1534 350 1596 Et
372 1534 442 1597 iecit
464 1553 505 1612 se,
530 1539 563 1597 ut
584 1534 702 1612 dicitur,
727 1535 881 1615 baptizari.

140 1669 141 1690 r
258 1638 287 1685 ue
403 1622 496 1701 ldem,
526 1623 656 1687 audiens
687 1623 774 1703 quod
805 1642 859 1687 rex
878 1624 1035 1703 Johannes
1058 1623 1189 1688 habebat
1211 1643 1317 1688 ensem
1341 1625 1380 1689 de

313 1730 375 1791 qua
397 1712 556 1775 scindebat
578 1712 736 1775 hominem
760 1717 911 1776 armatum
935 1712 1095 1792 usquead
1119 1713 1233 1791 sellam,
1262 1715 1381 1793 rogavit

313 1801 400 1879 quod
423 1801 451 1864 ei
475 1801 612 1878 mitteret,
643 1806 672 1863 et
695 1802 854 1865 hominem
884 1805 1034 1865 armatum
1066 1801 1244 1865 damnatum
1277 1802 1381 1882 posuit

313 1889 345 1950 in
376 1890 530 1968 medium,
564 1895 595 1953 et
622 1890 694 1953 iecit
727 1909 783 1971 per
811 1890 972 1953 meliorem
1003 1894 1033 1953 et
1061 1890 1220 1953 fortiorem
1253 1891 1379 1954 militem

313 1981 427 2041 tentare
450 1997 526 2041 num
557 1983 662 2059 posset
682 1980 823 2043 scindere
846 1998 902 2059 per
925 1978 1076 2057 medium;
1107 1980 1161 2059 qui
1185 1997 1248 2043 non
1273 1981 1379 2060 potuit

258 2082 287 2129 so
315 2067 351 2129 Et
372 2067 489 2130 remisit
511 2068 583 2148 regi,
614 2068 765 2131 mandans
788 2068 874 2148 quod
899 2086 963 2131 non
987 2068 1136 2145 credebat,
1160 2068 1247 2147 quod
1270 2068 1381 2132 faceret

312 2156 372 2219 sibi
406 2156 560 2235 fraudem,
593 2161 622 2219 et
651 2157 738 2237 quod
768 2157 855 2219 illum
891 2175 996 2220 ensem
1031 2174 1095 2219 non
1127 2157 1257 2220 miserat.
1314 2157 1379 2231 Qui

313 2245 502 2308 remandavit
524 2246 610 2325 quod
639 2246 718 2309 bene
742 2246 872 2322 miserat,
903 2246 957 2309 sed
982 2264 1046 2309 non
1071 2246 1193 2309 miserat
1220 2246 1379 2309 brachium

312 2351 383 2395 cum
407 2352 488 2397 ense.
1275 2373 1278 2380 ·

402 2422 495 2500 ldem,
528 2423 645 2486 habens
668 2424 794 2487 mititem
815 2423 846 2485 in
871 2442 997 2503 carcere,
1021 2423 1138 2487 audivit
1159 2443 1177 2487 a
1199 2424 1380 2489 custodibus

140 2569 141 2596 ,
259 2526 288 2573 so
314 2511 400 2590 quod
425 2530 489 2575 non
512 2513 648 2575 cessabat
670 2512 710 2575 de
732 2513 783 2576 die
797 2513 883 2576 etde
898 2518 987 2577 nocte
1009 2514 1143 2595 aspirare
1163 2519 1191 2577 et
1207 2513 1381 2577 desiderare

312 2604 422 2663 terram
452 2618 550 2664 suam.
596 2601 670 2680 Qui,
702 2602 852 2665 mandans
882 2620 940 2683 pro
970 2620 1022 2681 eo,
1052 2603 1104 2666 ait:
1134 2602 1213 2666 Sunt
1242 2602 1318 2665 silve
1348 2602 1380 2665 in

312 2689 390 2751 terrai
412 2690 533 2753 vestri?
580 2690 765 2771 Respondit:
796 2692 879 2755 Non.
910 2726 936 2737 -·
960 2691 1039 2755 Sunt
1060 2692 1212 2755 flumina?
1241 2727 1268 2736 -
1297 2692 1379 2754 Non.

320 2812 347 2821 -
380 2777 482 2855 Certe,
518 2779 625 2859 inquit,
660 2797 720 2859 ego
750 2779 834 2843 dabo
864 2780 955 2843 vobis
988 2780 1138 2843 licentiam
1170 2780 1242 2843 illuc
1271 2779 1379 2858 eundi,

313 2867 386 2945 quia
408 2885 473 2932 non
497 2886 625 2948 possum
653 2886 710 2931 vos
741 2886 864 2948 ponere,
895 2886 954 2949 pro
983 2886 1074 2949 posse
1102 2886 1181 2945 meo,
1215 2868 1246 2930 in
1271 2869 1379 2949 majori

259 2971 299 3018 roo
314 2973 440 3020 earcere.
488 2958 525 3019 Et
545 2958 590 3021 sic
612 2957 743 3021 recessit.

700 3108 729 3162 4.
771 3098 824 3178 [=
848 3097 879 3163 s.
904 3098 988 3180 244.]

402 3222 495 3301 ldem,
526 3223 590 3303 [rex
614 3222 798 3304 Philippusl,
827 3222 858 3285 in
886 3226 965 3285 terra
987 3221 1027 3285 de
1055 3222 1210 3287 Gasiincis
1237 3222 1380 3303 trequen-

311 3315 386 3390 tans,
420 3312 528 3375 vinum
562 3311 602 3374 de
635 3312 725 3374 vinea
757 3311 917 3391 cujusdam
950 3312 1050 3374 vetule
1085 3310 1214 3375 libenter
1248 3311 1380 3375 bibebat.

312 3399 410 3474 Quod
433 3400 542 3464 videns
561 3400 693 3464 ballivus
715 3405 802 3477 terre,
826 3400 932 3463 institit
950 3401 1034 3481 apud
1051 3400 1151 3463 virum
1173 3418 1230 3480 pro
1250 3400 1381 3464 emenda

311 3490 408 3563 vinea,
429 3508 486 3553 nec
508 3490 614 3554 voluit.
661 3490 731 3570 lpso
750 3494 882 3567 mortuo,
905 3490 1009 3553 institit
1026 3490 1109 3570 apud
1129 3490 1299 3568 mulierem,
1319 3507 1381 3570 que

259 3594 299 3641 roo
314 3578 421 3641 renuit
468 3578 612 3653 Quadam
625 3578 684 3656 die,
704 3578 862 3660 operarios
885 3579 917 3641 in
933 3578 1054 3641 vineam
1069 3578 1158 3657 misit,
1178 3583 1208 3641 et
1225 3596 1259 3642 se
1276 3597 1295 3642 a
1312 3580 1380 3643 viro
1462 3652 1467 3663 ᾖ

311 3668 423 3730 emisse
445 3666 529 3745 dixit,
552 3672 582 3731 et
603 3686 660 3748 per
682 3668 848 3747 potentiam
873 3668 1029 3747 prevaluit.
1076 3668 1109 3729 ln
1132 3666 1266 3731 adventu
1290 3668 1379 3748 regis,

312 3756 424 3819 mulier
445 3761 552 3820 contra
573 3774 646 3819 eum
670 3756 817 3819 clamavit
864 3755 961 3830 Quod
978 3774 1031 3820 rex
1048 3756 1186 3836 audiens,
1210 3757 1251 3819 ait
1265 3757 1380 3821 ballivo

312 3844 399 3923 quod
414 3845 581 3909 adduceret
595 3849 692 3923 testes,
708 3844 797 3909 etsie
812 3845 929 3909 clamor
941 3846 1077 3908 mulieris
1086 3850 1223 3909 cessaret
1254 3846 1380 3919 Quibus

312 3932 460 4011 daductis,
490 3934 611 3998 vocavit
639 3934 741 3997 virum
771 3933 811 3996 ad
843 3938 971 4015 partem.
1024 3934 1120 4013 Scitis,
1152 3934 1260 4014 inquit,
1292 3934 1381 3997 Pater

259 4038 299 4084 no
313 4022 447 4086 Noster?
486 4022 566 4100 Scio,
590 4023 697 4102 inquit
732 4023 832 4086 Modo
854 4023 906 4086 dic
928 4022 1013 4085 mihi.
1049 4022 1113 4097 Qui
1129 4023 1212 4101 dixit,
1236 4027 1266 4085 et
1281 4022 1382 4087 emisit

311 4110 462 4191 spiritum.
514 4112 550 4174 Et
582 4112 677 4176 alium
712 4112 839 4175 vocavit
885 4113 977 4189 Vere,
1011 4112 1064 4191 ait,
1099 4113 1130 4175 in
1163 4112 1260 4175 verbo
1290 4111 1379 4191 regis,

311 4200 414 4263 socius
436 4205 508 4265 tuus
530 4201 570 4264 ita
590 4200 666 4263 dixit
680 4201 844 4279 veritatem,
868 4200 946 4265 sicut
961 4204 1006 4264 est
1022 4200 1109 4263 Pater
1125 4201 1249 4279 Noster;
1274 4218 1380 4269 recort-
