3584 4884
733 406 977 463 -199-

323 575 433 639 videns
455 575 541 639 faber
561 580 704 640 buncum
726 577 883 656 jacentem,
910 577 1038 641 credens
1061 576 1148 658 quod
1172 580 1251 642 esset
1276 576 1386 659 [aptus]

324 664 428 728 incudi
459 683 517 728 suo
546 664 719 745 defigende,
748 666 823 729 emit
848 685 930 741 eum,
961 670 997 743 et,
1029 684 1100 730 cum
1131 666 1320 749 deportasset
1348 666 1388 730 ad

271 772 311 819 uo
326 753 456 817 domum
477 772 575 831 suam,
599 755 742 817 incudem
761 755 871 819 volens
893 755 1030 835 infigere,
1054 755 1171 819 invenit
1193 756 1274 819 intus
1297 772 1388 837 pecu-

325 842 408 904 niam
431 847 462 905 et
482 841 597 920 habuit,
619 862 692 907 ceoo
715 862 769 924 pre
792 844 899 925 inopia
921 849 951 907 et
972 844 1082 909 dolore
1105 843 1274 909 deficiente.

701 988 751 1049 ss.
789 985 842 1065 [=
866 985 897 1050 s.
924 986 1011 1068 aaa]

412 1108 494 1172 Cum
532 1109 659 1189 quidam
696 1110 854 1173 usurarius
888 1110 1146 1192 Bisumptinensis
1180 1110 1211 1173 in
1246 1110 1388 1175 extremis

324 1197 419 1260 nollet
448 1198 547 1261 facere
574 1198 701 1278 aliquod
735 1204 947 1263 testamentum
979 1200 1026 1263 vel
1056 1200 1297 1281 eleemosynam,
1332 1199 1386 1265 sed

324 1286 429 1350 omnia
450 1286 615 1351 dimisisset
629 1288 661 1350 in
677 1288 885 1369 disposicione
908 1289 1014 1353 uxoris
1036 1307 1100 1367 sue,
1125 1306 1195 1353 cum
1220 1288 1285 1370 ipse
1308 1292 1387 1354 esset

266 1395 310 1441 aas
325 1374 368 1438 sic
390 1380 538 1455 mortuus,
567 1394 648 1440 uxor
672 1395 735 1455 sua,
768 1376 877 1441 videns
907 1377 1062 1458 quendam
1095 1378 1254 1443 inimicum
1285 1394 1386 1457 suum,

324 1466 472 1527 contraxit
499 1484 569 1528 cum
592 1484 631 1529 eo
653 1465 713 1531 cito
745 1470 814 1546 post
843 1471 973 1529 mortem
997 1467 1053 1529 viri
1076 1466 1134 1531 sui.
1180 1466 1283 1542 Quam
1315 1484 1385 1531 cum

322 1559 462 1633 argueret
483 1554 615 1633 quedam
640 1554 739 1635 prob‘a
761 1554 879 1632 mulier,
911 1554 1017 1619 dicens
1040 1555 1127 1637 quod
1150 1556 1197 1619 vir
1224 1573 1300 1620 suus
1323 1560 1386 1619 erat

321 1642 423 1705 adhuc
437 1642 553 1706 calidus
572 1643 603 1705 in
619 1644 770 1723 sepulcro,
790 1643 962 1725 respondit:
991 1644 1040 1710 „st
1057 1643 1174 1708 calidus
1190 1648 1241 1723 est,
1265 1644 1386 1707 suffiate

322 1746 422 1793 eum.a
471 1732 537 1795 Hec
558 1736 630 1795 sunt
652 1732 846 1815 eleemosyne
869 1750 947 1813 quas
969 1732 1039 1797 fecit
1061 1751 1119 1815 pro
1142 1734 1245 1797 anima
1267 1732 1341 1813 eius.

695 1882 747 1939 ³⁶.
788 1875 842 1954 1=
865 1875 896 1940 s.
922 1876 1005 1955 aaa]

265 2016 309 2062 sao
412 1998 547 2073 Quidam
575 2003 658 2063 tanto
689 1999 756 2063 zelo
788 2017 916 2063 uxorem
948 2018 1034 2063 suam
1065 1998 1263 2077 custodiebat,
1298 1996 1385 2079 quod

321 2106 444 2169 semper
465 2106 534 2151 cum
558 2107 594 2151 ea
616 2089 660 2151 ire
681 2088 817 2166 volebat;
841 2107 903 2169 que
919 2088 1075 2151 mandavit
1098 2088 1218 2152 lecatori
1242 2086 1328 2169 quod
1353 2086 1384 2151 in

321 2177 418 2240 domo
441 2177 582 2257 quadam,
615 2185 777 2258 antequam
802 2182 866 2241 erat
895 2178 993 2241 lutum
1018 2181 1047 2240 et
1070 2176 1185 2258 planca,
1218 2179 1386 2258 expectaret

321 2284 387 2327 eam
411 2266 533 2328 dictati
556 2271 586 2329 et
607 2267 691 2330 hora.
737 2266 819 2331 Cum
843 2271 945 2330 autem
969 2266 1020 2331 illa
1043 2264 1094 2329 die
1117 2268 1146 2329 et
1169 2265 1245 2329 bora
1268 2264 1322 2329 iret
1345 2262 1384 2328 ad

321 2354 485 2432 ecclesiam,
514 2373 547 2418 se
574 2354 689 2419 dimisit
711 2355 819 2420 cadere
849 2356 881 2418 in
906 2356 1019 2432 lutum;
1054 2373 1116 2436 que
1139 2372 1277 2436 surgens,
1310 2352 1386 2417 dixit

266 2461 309 2507 aas
324 2443 391 2507 viro
413 2444 499 2524 quod
523 2444 651 2507 domum
683 2445 766 2508 illam
794 2445 906 2509 intrare
937 2444 1059 2508 volebat
1087 2443 1126 2507 ad
1156 2444 1319 2507 lavandum
1343 2460 1384 2521 se,

321 2536 350 2594 et
371 2533 456 2613 quod
480 2538 611 2597 servaret
633 2534 771 2613 osticum,
795 2553 835 2598 ne
857 2534 969 2615 aliquis
990 2533 1113 2598 intraret
1127 2537 1291 2615 antequam
1307 2535 1385 2596 esset

321 2620 390 2698 fota,
412 2622 497 2703 quod
520 2622 604 2699 fecit;
632 2628 661 2686 et
683 2622 742 2701 illa,
765 2640 836 2687 cum
861 2623 915 2686 diu
939 2622 1045 2687 fuisset
1068 2639 1138 2686 cum
1164 2622 1293 2686 lecatore
1315 2638 1382 2697 suo,

322 2709 413 2773 exivit
434 2712 531 2791 magis
554 2712 712 2791 inquinata
734 2731 827 2793 quam
851 2713 980 2777 intravit.

691 2860 742 2918 ³⁷.
782 2855 836 2935 [--
860 2855 891 2920 s.
916 2855 1002 2937 ios]

409 2977 567 3047 Referebat
588 2979 679 3042 frater
701 2980 862 3044 Gallridus
884 2980 924 3045 de
949 2980 1069 3058 Elevex,
1100 2979 1154 3060 qui
1186 2996 1241 3060 per
1270 2976 1383 3041 multos

267 3082 308 3128 sau
322 3082 419 3130 annos
449 3071 564 3131 rexerat
593 3068 624 3131 in
655 3069 811 3149 theologia
835 3069 977 3147 ParisiuS,
1009 3068 1096 3150 quod
1128 3068 1254 3148 quidam
1287 3064 1382 3143 miles,

321 3154 435 3219 habens
456 3161 627 3237 suspectam
651 3176 780 3222 uxorem
803 3176 900 3235 suam,
931 3157 1063 3238 singulis
1086 3157 1229 3221 noctibus
1252 3154 1382 3220 domum

320 3261 405 3306 suam
435 3245 584 3323 firmabat,
615 3247 730 3313 clavem
760 3247 945 3311 custodiens.
991 3246 1141 3312 Sacerdos
1170 3250 1280 3323 autem,
1312 3242 1382 3324 palo

320 3332 360 3395 de
381 3333 460 3397 vallo
482 3335 676 3399 artificialiter
698 3336 823 3415 elevato,
845 3336 884 3399 ad
901 3335 1059 3399 dominam
1077 3334 1227 3399 veniebat.
1269 3333 1381 3412 Lupus

321 3421 456 3485 foramen
480 3423 648 3502 inveniens,
680 3430 750 3505 post
771 3424 961 3489 sacerdotem
986 3422 1170 3505 ingrediens,
1195 3438 1269 3487 oves
1291 3420 1382 3500 iugu-

265 3524 307 3571 aeo
321 3509 392 3573 lavit
412 3512 524 3592 plures.
563 3514 662 3592 Miles,
686 3515 717 3577 in
741 3534 831 3577 mane
854 3514 1026 3595 dampnum
1053 3513 1182 3577 audiens
1205 3514 1234 3574 et
1255 3508 1382 3589 vestigia

320 3598 383 3680 lupi
406 3618 546 3681 sequens,
576 3602 692 3667 invenit
714 3604 862 3682 foramen,
894 3608 924 3667 et
946 3603 1054 3667 dolum
1078 3606 1108 3665 et
1136 3599 1262 3680 vestigia
1284 3614 1381 3663 sacer·

319 3687 399 3751 dotis
421 3689 631 3770 deprehendit
671 3693 864 3770 Dissimulat;
887 3693 961 3756 dicit
983 3692 1072 3756 uxori
1096 3708 1151 3753 sue
1167 3688 1253 3770 quod
1275 3704 1381 3751 rumor

319 3782 439 3842 venerat
461 3779 489 3841 ei
516 3780 603 3860 quod
636 3799 693 3845 sua
723 3786 817 3845 mater
849 3782 880 3844 in
912 3782 981 3845 loco
1013 3783 1131 3849 remoto
1166 3780 1316 3858 egrotaret
1341 3774 1380 3837 ad

319 3871 447 3929 mortem
453 3889 461 3944 ;
492 3869 581 3931 mittit
607 3888 674 3933 eam
698 3870 750 3949 ibi,
774 3871 895 3934 etfacit
918 3870 984 3933 fieri
1008 3870 1130 3933 foveam
1161 3865 1323 3929 maximam
1352 3866 1381 3923 et

263 3969 305 4015 suo
320 3955 504 4034 profundam
526 3957 610 4036 Juxta
631 3960 790 4023 transitum
806 3960 885 4036 valli,
910 3960 995 4023 intra
1031 3957 1112 4020 Cum
1132 3959 1232 4017 autem
1254 3948 1381 4012 redisset

317 4042 451 4122 domina,
475 4044 580 4110 dicens
603 4053 729 4111 matrem
752 4067 857 4113 sanam
882 4048 1044 4123 invenisse,
1067 4045 1146 4107 facto
1169 4056 1282 4118 magno
1305 4053 1378 4099 con-

317 4131 408 4210 vivio,
438 4134 492 4196 ivit
514 4135 601 4200 miles
622 4137 662 4201 ad
690 4138 809 4215 lectum,
839 4139 963 4218 tingens
985 4132 1200 4199 infirmitatem.
1245 4124 1379 4189 Veniens
