3584 4884
695 438 939 499 -175-

137 683 138 688 ¹
284 609 321 671 Et
343 608 440 672 liliam
463 629 550 673 suam
574 630 644 674 cum
670 612 773 675 multis
802 613 915 677 divitiis
938 614 981 676 illi
1010 614 1102 693 dedit,
1134 620 1162 678 et
1186 616 1234 693 ita,
1263 616 1353 678 Beata

222 714 267 760 aru
285 698 383 760 Maria
422 705 612 779 procurante,
651 701 745 781 longe
782 702 876 765 ditior
909 703 1005 766 iactus
1036 709 1080 767 est
1110 705 1203 784 quarn
1240 705 1353 783 judeus

283 786 383 850 iacere
406 788 562 851 noluisset
601 790 678 853 Ecce
693 808 786 870 quam
802 791 921 854 bonum
939 796 983 855 est
998 792 1111 856 servire
1128 793 1217 856 Beate
1233 794 1352 873 Virgini

282 880 313 940 et
335 875 433 956 ipsam
458 878 623 943 honorare!

734 1057 894 1066 ——-.

577 1212 630 1278 15.
667 1212 805 1283 [tienne
829 1214 870 1283 dv
895 1214 1059 1285 varlron.

649 1336 693 1389 (ed.
709 1336 781 1391 Lecoy
795 1337 823 1381 de
836 1336 859 1380 la
873 1336 981 1391 Marchc.)

686 1562 712 1614 r.
754 1554 807 1633 1=
832 1554 862 1617 s.
887 1555 949 1635 rs]

375 1679 447 1739 ltem
482 1676 586 1740 audivi
621 1697 639 1740 a
673 1678 811 1758 quodam
846 1679 1006 1758 magistro,
1041 1681 1094 1759 qui
1130 1682 1263 1744 ostendit
1293 1683 1353 1747 hoc

283 1767 454 1829 luculenter
487 1767 610 1829 metrice
644 1767 860 1847 compositum,
894 1768 981 1847 quod
1012 1768 1138 1848 quidam
1174 1770 1262 1833 miles
1295 1772 1353 1833 fuit

283 1860 390 1936 raptor
420 1859 450 1917 et
479 1855 665 1935 flagiciosus,
697 1856 751 1935 qui
782 1856 821 1918 ad
852 1857 1029 1920 instanciam
1061 1858 1167 1920 uxoris
1197 1877 1260 1937 sue,
1291 1879 1352 1939 que

282 1944 374 2007 valde
396 1944 507 2007 devota
529 1949 599 2021 erat,
628 1944 711 2006 venit
733 1945 772 2007 ad
796 1946 1007 2008 confitendum
1032 1946 1179 2026 episcopo
1203 1966 1274 2026 suo;
1298 1949 1351 2027 qui

242 2048 258 2093 5
283 2051 356 2096 cum
379 2050 450 2095 reus
465 2036 544 2096 esset
559 2033 727 2095 multorum
744 2034 983 2097 homicidiorum
1003 2040 1031 2097 et
1046 2035 1177 2098 aliorum
1194 2037 1351 2115 scelerum,

283 2140 342 2184 nec
372 2121 463 2183 vellet
492 2122 535 2184 ire
564 2122 694 2191 Romam
718 2123 766 2185 vel
797 2123 885 2185 aliam
919 2124 1120 2203 penitenciam
1151 2125 1248 2189 iacere
1279 2145 1352 2189 con·

283 2211 421 2290 dignam,
451 2210 492 2272 ait
521 2210 549 2273 ei
580 2212 753 2291 episcopua,
784 2212 922 2275 conlisus
954 2212 993 2275 de
1022 2213 1170 2291 Domin0,
1202 2215 1288 2295 quod
1320 2216 1351 2277 in

283 2300 365 2363 iacto
387 2316 446 2362 suo
468 2299 595 2379 aliquod
614 2300 778 2363 consilium
802 2300 927 2365 deberet
948 2319 1118 2382 apponere:
1145 2304 1220 2382 vlu,
1245 2304 1352 2385 inquit,

286 2389 341 2468 qui
363 2392 409 2451 tot
431 2392 535 2452 noctes
558 2389 589 2450 in
612 2389 742 2453 servicio
765 2389 890 2470 dyaboli
914 2390 1052 2469 vigilasti,
1076 2392 1169 2455 velles
1191 2398 1223 2455 tu
1247 2394 1351 2457 saltem

230 2494 258 2539 ιο
286 2478 348 2541 hoc
374 2477 532 2541 modicum
563 2477 670 2554 iacere,
701 2478 787 2558 quod
819 2497 874 2559 per
904 2483 1024 2542 noctem
1058 2480 1205 2560 integram
1237 2476 1268 2545 in
1294 2483 1352 2545 Dei

285 2566 416 2630 servicio
439 2566 470 2629 in
494 2560 620 2629 ecclesia
642 2567 795 2647 vigilares,
820 2567 896 2630 nulli
912 2568 962 2631 alii
980 2568 1111 2649 loquens
1126 2571 1174 2633 vel
1191 2571 1353 2635 intendens

286 2656 345 2718 nisi
371 2655 440 2717 Deo
463 2660 493 2718 et
514 2655 625 2718 sanctis
648 2656 723 2735 ejus,
752 2656 893 2736 rogando
917 2675 972 2721 eos
999 2675 1057 2737 pro
1080 2662 1131 2720 tua
1153 2660 1270 2723 salute?
1318 2662 1353 2723 Et

284 2839 415 2896 torum.¹¹
451 2833 540 2896 Tunc
561 2833 620 2910 ille,
644 2834 782 2913 cogitans
804 2834 843 2896 de
867 2835 954 2898 bono
977 2836 1047 2898 toro
1070 2836 1156 2914 quod
1180 2836 1239 2899 sibi
1259 2836 1353 2900 fiebat

230 2938 258 2983 15
285 2926 315 2984 et
337 2922 376 2984 de
407 2922 526 2984 lenitate
553 2926 583 2983 et
612 2923 756 2985 brevitate
783 2922 862 2986 dicte
892 2924 1070 3003 penitencie,
1101 2924 1179 2987 hanc
1201 2929 1353 3003 gratanter

284 3011 413 3090 accepit;
450 3029 544 3090 quem
579 3011 744 3091 episcopus
782 3012 814 3073 in
849 3012 975 3075 ecclesia
1009 3013 1188 3090 introduxit,
1224 3013 1352 3077 firmatis

285 3099 401 3177 hostiis,
424 3103 454 3161 et
477 3099 612 3180 precepit
634 3117 673 3162 ne
695 3100 826 3163 omnino
843 3119 941 3179 usque
965 3102 996 3163 in
1021 3119 1110 3163 mane
1132 3102 1221 3165 alicui
1245 3102 1352 3181 loque·

285 3192 375 3266 retur,
407 3188 474 3266 nisi,
505 3193 539 3250 ut
565 3188 679 3251 dictum
707 3193 760 3267 est,
791 3207 957 3268 usquequo
988 3190 1053 3270 ipse
1079 3190 1212 3253 adeum
1242 3189 1353 3255 rediret

285 3278 365 3341 lacto
389 3295 487 3339 mane.
522 3277 604 3341 Cum
627 3282 728 3340 autem
753 3295 852 3357 usque
875 3278 953 3342 circa
977 3278 1110 3341 mediam
1127 3284 1246 3343 noctem
1264 3280 1352 3344 miles

229 3384 257 3429 ao
285 3384 388 3429 coram
422 3366 569 3429 crucifixo
600 3366 630 3428 in
667 3385 740 3446 pace
774 3367 893 3430 orando
924 3368 1084 3447 vigilasset,
1119 3387 1188 3431 ecce
1218 3369 1350 3449 quedam

285 3455 402 3518 claritas
436 3455 549 3534 incepit
582 3474 637 3535 per
670 3455 826 3519 ecclesiam
861 3456 981 3535 fulgere
1014 3458 1102 3536 quasi
1137 3458 1161 3519 si
1197 3458 1350 3536 diesceret,

284 3544 419 3624 dyabolo
435 3548 625 3623 procurante,
649 3548 678 3606 et
692 3544 758 3607 visa
772 3549 817 3607 est
832 3544 859 3607 ei
877 3549 964 3625 porta
986 3549 1089 3625 aperta
1112 3550 1140 3608 et
1164 3546 1305 3610 homines
1321 3553 1350 3609 et

285 3632 428 3695 mulieres
439 3632 528 3710 quasi
544 3632 751 3712 ingredientes
767 3633 806 3695 ad
824 3634 990 3712 orandum;
1015 3634 1127 3714 incepit
1142 3634 1249 3699 audire
1265 3637 1350 3715 qnasi

283 3720 426 3801 strepitus
441 3720 660 3801 quadrigarum
677 3720 850 3799 multarum,
872 3727 902 3785 et
916 3723 1017 3785 visum
1033 3723 1091 3786 iuit
1106 3723 1191 3803 quod
1209 3726 1353 3787 intrarent

227 3826 257 3872 aa
284 3810 441 3873 ecclesiam
476 3814 667 3888 mercatores,
705 3811 760 3890 qui
791 3811 934 3873 dixerunt
963 3812 1049 3891 quod
1082 3813 1165 3875 missi
1197 3818 1282 3877 erant
1310 3815 1349 3876 ab

283 3917 380 3962 uxore
396 3916 459 3976 sua,
484 3899 556 3978 quia
571 3903 754 3962 mercatores
769 3904 861 3977 erant,
885 3900 1031 3962 ducentes
1052 3901 1161 3963 multas
1177 3902 1348 3981 quadrigas,

282 3992 314 4051 et
334 3987 480 4050 volebant
508 4006 579 4050 eum
611 3988 723 4050 habere
754 4006 811 4068 pro
841 3988 989 4067 guidagio
1019 3993 1048 4051 et
1079 3988 1266 4053 conductore
1297 4009 1351 4069 per

282 4081 394 4139 terram
417 4076 556 4155 vicinam,
580 4081 609 4139 ei
623 4076 697 4138 dare
712 4076 770 4139 sibi
786 4076 826 4139 de
842 4077 971 4157 pecunia
993 4095 1048 4140 sua
1063 4078 1102 4140 ad
1127 4078 1350 4158 beneplacitum

281 4182 386 4228 suum.
433 4164 515 4227 Cum
545 4168 647 4227 autem
678 4164 832 4228 videretur
861 4166 889 4228 ei
921 4165 1006 4245 quod
1037 4166 1103 4229 dies
1133 4184 1198 4229 non
1230 4166 1269 4228 ila
1291 4166 1351 4229 cito
