3584 4884
849 428 1094 485 -160—

436 598 531 661 alium
555 616 649 678 quem
673 598 802 661 credidit
824 598 1006 678 nequiorem
1031 598 1100 663 loco
1125 599 1207 662 illius
1229 598 1390 677 constituit,
1414 600 1508 663 etita

436 687 587 767 joculator
609 687 649 749 de
672 705 747 750 cane
770 687 824 750 illo
848 688 1040 768 nequissimo
1063 706 1097 751 se
1119 687 1293 751 vindicavit.

815 837 863 891 12.
903 829 956 909 [ε
981 830 1041 893 Νο.
1067 830 1128 910 82.]

528 952 673 1032 Legimus
695 952 735 1014 de
762 953 900 1032 quodam
929 971 1001 1033 rege
1024 953 1086 1032 qui,
1117 971 1188 1016 cum
1212 953 1295 1017 filios
1318 970 1417 1015 mares
1440 971 1506 1016 non

383 1059 424 1104 no
439 1040 564 1105 haberet
586 1040 758 1104 tristabatur
781 1042 877 1104 valde
924 1040 984 1105 Cui
1009 1046 1097 1105 natus
1126 1046 1172 1105 est
1195 1042 1278 1105 iilius
1302 1042 1455 1105 masculus
1478 1047 1509 1104 et

437 1130 562 1209 gavisus
584 1134 629 1193 est
651 1130 767 1209 gaudio
790 1148 906 1210 magno
929 1130 1030 1209 valde;
1054 1130 1198 1194 dixerunt
1211 1134 1312 1193 autem
1329 1130 1393 1210 regi
1418 1131 1507 1211 periti

438 1218 548 1281 medici
572 1219 657 1298 quod
681 1218 764 1281 iilius
787 1219 854 1299 ejus
876 1219 943 1281 talis
966 1224 1029 1283 erat
1051 1219 1270 1299 dispositionis,
1294 1220 1320 1282 si
1343 1219 1440 1283 solem
1457 1220 1506 1283 vel

438 1308 542 1387 ignem
567 1307 644 1372 inira
668 1307 773 1370 decem
801 1326 902 1371 annos
924 1308 1047 1386 videret,
1080 1308 1198 1371 lumine
1220 1308 1382 1371 oculorum
1407 1309 1508 1389 priva-

438 1401 528 1459 retur.
574 1396 650 1470 Quo
671 1396 786 1473 audito,
817 1415 870 1459 rex
893 1396 924 1459 in
949 1398 1095 1478 spelunca
1117 1397 1217 1459 filium
1242 1413 1311 1460 cum
1337 1398 1509 1461 nutricibus

384 1502 425 1549 ars
440 1485 569 1562 inclusit,
593 1484 624 1547 in
648 1502 718 1565 qua,
742 1485 903 1565 usquead
926 1504 954 1547 x.
977 1503 1085 1563 annos,
1109 1486 1235 1549 luminis
1255 1486 1416 1549 claritatem
1441 1504 1507 1549 non

439 1574 522 1652 vidit,
546 1578 575 1637 et
597 1578 678 1653 tunc,
702 1592 800 1654 puero
823 1576 863 1637 de
886 1575 1032 1655 spelunca
1048 1574 1167 1656 educto,
1192 1592 1262 1637 cum
1281 1574 1357 1654 (rex)
1375 1575 1507 1637 munda·

439 1662 515 1726 lium
539 1662 654 1725 nullam
679 1661 803 1726 haberet
818 1663 971 1741 noticiam,
995 1664 1130 1744 precepit
1145 1681 1197 1726 rex
1213 1664 1240 1726 ei
1257 1663 1377 1727 ostendi
1401 1663 1507 1727 omnia

438 1770 501 1832 que
523 1756 595 1816 sunt
618 1752 648 1814 in
673 1753 802 1829 mundo,
825 1752 996 1815 secundum
1020 1770 1120 1831 genus
1135 1770 1236 1829 suum,
1260 1752 1401 1815 videlicet
1422 1752 1508 1815 viros

439 1858 593 1918 seorsum,
624 1841 768 1903 mulieres
797 1858 950 1919 seorsum,
985 1858 1084 1920 equos
1115 1840 1147 1903 in
1181 1841 1242 1903 alio
1273 1841 1356 1918 loco,
1386 1858 1506 1918 aurum,

384 1944 425 1991 aso
439 1935 617 2009 argentum·
633 1930 750 2011 lapides
773 1929 930 2010 preciosos
953 1934 982 1993 et
1004 1930 1186 2009 omniaque
1206 1930 1354 1993 delectare
1377 1933 1508 2009 possunt

439 2019 548 2083 oculos
582 2018 774 2081 intuentium.
829 2018 912 2082 Cum
950 2022 1051 2081 autem
1090 2036 1168 2099 puer
1205 2022 1346 2097 quereret
1380 2018 1508 2081 nomina

438 2108 634 2187 singulorum
657 2112 686 2170 et
708 2113 833 2171 ventum
859 2111 904 2170 est
918 2106 956 2169 ad
974 2107 1125 2184 mulieres,
1150 2107 1276 2186 quidam
1301 2107 1382 2187 regis
1400 2124 1507 2170 servus

439 2196 599 2276 respondit
614 2196 764 2259 ludendo:
792 2198 867 2259 “lste
881 2200 955 2259 sunt
969 2196 1119 2259 demones
1139 2196 1281 2259 homines
1296 2196 1505 2259 seducentes!¹

440 2283 507 2348 Cor
528 2302 602 2347 vero
633 2285 720 2365 pueri
744 2285 864 2347 illarum
888 2285 1043 2347 desiderio
1074 2286 1259 2365 plusquam
1284 2285 1391 2347 ceteris
1414 2285 1508 2347 rebus

384 2384 425 2430 aas
439 2372 609 2435 anhelabat.
656 2372 802 2453 Cumque
832 2392 885 2435 rex
912 2392 930 2437 a
957 2392 1055 2454 puero
1086 2378 1226 2453 quereret
1248 2374 1324 2453 quid
1349 2374 1447 2453 magis
1470 2392 1508 2436 ex

438 2461 586 2524 omnibus
624 2479 685 2540 que
723 2461 839 2525 viderat
872 2466 998 2540 amaret,
1038 2462 1209 2543 respondit:
1251 2462 1371 2541 „Magis
1409 2462 1507 2541 diligo

438 2550 588 2613 demones
611 2549 681 2613 illos
703 2549 757 2629 qui
780 2550 932 2613 seducunt
954 2552 1098 2614 homines
1120 2569 1213 2630 quam
1237 2550 1342 2615 omnia
1364 2550 1423 2613 alia
1445 2569 1508 2631 que

439 2639 531 2701 vidis
582 2640 658 2701 Ecce
681 2638 844 2717 quomodo
867 2639 1004 2703 hominis
1028 2644 1134 2703 natura
1157 2640 1188 2702 in
1218 2640 1275 2702 hac
1302 2644 1385 2720 parte
1408 2658 1509 2720 prona

440 2728 538 2792 estad
554 2728 674 2808 lapsum
690 2728 720 2790 et
742 2728 856 2791 idcirco
879 2728 933 2807 qui
957 2729 1067 2791 volunt
1089 2747 1155 2793 esse
1178 2728 1368 2793 continentes
1384 2746 1509 2792 necesse

385 2830 426 2875 noo
441 2822 486 2883 est
507 2821 542 2879 ut
563 2817 682 2897 fugiant
704 2816 857 2880 mulieres.

805 2965 853 3022 rs.
894 2959 948 3039 [=
973 2960 1032 3023 Νο.
1060 2960 1142 3039 roa]

530 3083 624 3151 Unde
646 3084 778 3164 legimus
808 3084 895 3164 quod
930 3102 1001 3147 cum
1031 3083 1160 3163 angelus
1192 3083 1250 3145 Dei
1282 3082 1395 3146 diceret
1421 3082 1509 3147 here·

440 3175 525 3236 mite:
558 3173 692 3241 „Eamus
718 3179 748 3237 et
776 3173 961 3255 sepeliamus
989 3172 1154 3252 quemdam
1184 3172 1381 3251 peregrinum
1412 3190 1508 3251 quem

441 3264 573 3326 latrones
611 3262 643 3324 in
686 3263 746 3325 hoc
784 3280 910 3325 nemore
954 3261 1158 3324 occideruntu
1218 3260 1300 3323 Cum
1338 3260 1508 3341 appropin-

440 3355 570 3431 quarent
591 3351 738 3429 cadaveri,
762 3350 848 3431 quod
870 3351 932 3431 jam
957 3369 1012 3431 per
1034 3349 1100 3413 dies
1122 3350 1250 3430 aliquod
1279 3366 1373 3429 super
1395 3352 1506 3411 terram

386 3460 427 3505 aas
440 3441 579 3520 jacuerat
604 3440 749 3503 heremita
772 3440 851 3521 cepit
873 3440 1017 3503 obturare
1049 3457 1136 3502 nares
1163 3456 1241 3502 suas.
1288 3437 1348 3501 Cui
1378 3438 1508 3517 angelus

439 3530 492 3591 ait:
526 3528 651 3602 „Quare
674 3546 763 3592 nares
785 3533 852 3591 tuas
879 3528 1104 3608 constringis?‘¹
1152 3527 1192 3589 ht
1214 3527 1277 3589 ille:
1303 3526 1395 3591 „Non
1418 3526 1507 3589 valeo

441 3619 567 3679 fetorem
597 3618 774 3681 sustinere.¹⁴
829 3618 927 3680 Paulo
961 3622 1031 3698 post
1060 3617 1182 3695 juvenis
1216 3616 1342 3696 quidem
1379 3614 1508 3695 pulcher

440 3724 570 3784 corpore
585 3710 615 3768 et
633 3710 759 3769 ornatus
781 3706 869 3770 sertis
890 3706 997 3770 floreis
1019 3724 1089 3769 cum
1114 3704 1246 3786 phaleris
1268 3709 1298 3768 et
1319 3704 1393 3769 selle
1414 3721 1507 3766 aurea

440 3794 608 3875 equitando
637 3795 783 3858 transibat
813 3800 849 3873 el,
888 3814 959 3859 cum
994 3795 1096 3858 adhuc
1130 3794 1224 3874 longe
1254 3796 1339 3871 esset,
1377 3792 1506 3871 angelus

387 3903 427 3949 aro
441 3882 635 3948 abhominati
658 3884 738 3964 cepit
752 3889 781 3946 et
795 3884 939 3947 obturare
962 3902 1050 3947 nares
1066 3885 1205 3963 corporis
1220 3901 1312 3962 quern
1329 3881 1368 3944 ad
1384 3886 1505 3959 tempus

440 3977 653 4053 assumpserat
704 3972 765 4037 Cui
800 3973 946 4037 heremita
980 3973 1069 4035 valde
1102 3971 1259 4035 admirans
1286 3971 1338 4033 ait:
1380 3969 1505 4043 „Quare

442 4079 530 4125 nares
551 4066 618 4125 tuas
642 4063 681 4125 ita
702 4062 827 4141 stringis
850 4066 879 4125 et
896 4080 914 4124 a
931 4062 1061 4141 pulchro
1075 4061 1187 4139 juvene
1203 4060 1257 4123 illo
1273 4060 1379 4122 taciem
1396 4056 1505 4121 evertis

441 4152 494 4229 qui
525 4168 596 4212 cum
628 4168 710 4215 esses
738 4150 822 4227 iuxta
853 4150 989 4211 letidum'
1013 4149 1140 4212 cadaver
1169 4149 1238 4210 talia
1268 4166 1331 4209 non
1365 4146 1503 4209 iecisti?''
