3584 4884
717 447 959 502 —109—

242 632 280 678 rou
294 615 350 679 illo
386 621 519 695 negante
555 615 666 679 diebus
700 616 804 679 multis
838 617 960 680 efficere
990 621 1159 695 conaretur,
1193 635 1263 680 ecce
1293 636 1373 681 uxor

293 704 380 768 illius
409 706 491 767 virili
523 709 649 785 sumpto
679 705 793 782 habitu,
823 706 973 786 vultuque
1003 711 1034 769 et
1061 725 1137 770 voce
1169 707 1286 787 magica
1316 724 1373 769 sua

293 797 359 855 arte
385 795 519 872 mutatis,
543 798 613 856 ante
637 795 718 874 regis
741 794 885 874 palatium
909 812 992 875 equo
1015 795 1181 874 descendit,
1205 814 1373 876 regemque

293 882 372 944 adiit
395 901 568 962 regemque
591 883 707 946 salutat.
741 884 886 963 inquisita
908 888 1019 962 autem,
1043 903 1104 964 que
1119 890 1199 949 esset
1212 891 1264 948 aut
1279 885 1372 962 uude,

293 971 427 1034 militem
453 991 488 1034 se
511 989 578 1035 esse
602 972 761 1052 respondit
776 972 815 1035 de
835 973 951 1036 ultimis
974 974 1084 1036 mundi
1107 975 1244 1055 partibus
1266 975 1373 1038 oriun-

242 1077 280 1122 uo
294 1059 385 1138 dum,
411 1061 490 1123 iuris
514 1061 683 1140 legumque
707 1061 837 1141 peritum
860 1061 937 1139 iore,
960 1080 995 1125 ac
1018 1063 1204 1127 iudiciorum
1228 1065 1371 1128 subtilem

294 1149 563 1230 investigatorem.
610 1149 746 1214 Gavisus
784 1169 837 1213 rex
871 1151 957 1214 iubet
993 1151 1086 1230 illam,
1124 1171 1217 1232 quam
1249 1153 1374 1234 putabat

295 1239 439 1316 militem,
464 1238 634 1302 consedere
657 1239 725 1316 sibi,
757 1256 943 1319 causamque
966 1259 1027 1320 que
1050 1242 1128 1304 inter
1151 1243 1320 1323 loripedem
1345 1245 1374 1304 ef

295 1327 446 1389 iuvenem
483 1328 672 1404 versabatur,
708 1328 750 1390 illi
782 1329 943 1391 committit
972 1330 1204 1394 terminandam.
1254 1332 1293 1394 nt
1323 1331 1374 1394 illa

295 1417 417 1478 vocatis
433 1417 591 1496 utrimque
607 1417 757 1496 partibus:
781 1417 859 1495 Tibi,
884 1418 991 1497 inquit,
1016 1438 1036 1482 o
1056 1419 1178 1500 loripes,
1201 1421 1373 1484 secundum

244 1521 282 1566 ns
297 1506 381 1584 regis
407 1505 649 1585 principumque
672 1507 850 1569 sententiam
872 1507 941 1570 licet
955 1508 996 1570 de
1010 1527 1101 1571 came
1116 1509 1236 1572 iuvenis
1251 1513 1373 1572 centum

296 1612 476 1656 marcarum
505 1595 631 1674 pondus
657 1591 760 1674 [155⁶]
785 1597 915 1658 auterre.
961 1596 1021 1660 Sed
1045 1597 1077 1658 in
1101 1598 1162 1660 boc
1184 1598 1260 1677 quid
1277 1599 1374 1660 lucra-

296 1683 391 1760 beris,
419 1683 479 1746 nisi
503 1687 633 1746 mortem
658 1684 792 1761 forsitan,
816 1684 841 1747 si
866 1685 1009 1747 iuvenem
1033 1686 1215 1749 interficias?
1262 1687 1375 1749 Melius

297 1777 351 1849 est,
384 1776 422 1834 ut
444 1790 503 1851 pro
528 1791 565 1835 eo
593 1773 769 1853 septuplum
803 1774 933 1853 pecunie
960 1778 1013 1836 aut
1041 1775 1207 1856 decuplum
1236 1775 1375 1855 accipias.

298 1861 352 1922 llle
389 1866 494 1922 autern
534 1861 640 1924 decem
676 1862 765 1924 etiam
796 1881 967 1926 marcarum
1003 1863 1087 1925 milia
1116 1881 1150 1927 se
1178 1869 1374 1944 accepturum

245 1950 434 2028 monegavit
484 1950 535 2012 llla
566 1954 668 2012 autem
701 1950 827 2014 linteum
859 1951 1113 2015 candidissimum
1144 1952 1230 2015 iubet
1262 1952 1374 2029 afferri,

297 2037 513 2117 iuvenemque
536 2038 686 2102 nudatum
704 2043 785 2102 veste
804 2040 1011 2119 manibusque
1033 2059 1069 2103 ac
1091 2040 1224 2120 pedibus
1248 2042 1374 2120 ligatum

298 2127 427 2190 extendi
452 2126 594 2208 desuper.
632 2128 707 2201 Quo
730 2128 824 2192 facto:
847 2129 975 2205 Abcide,
998 2129 1039 2191 ait
1061 2129 1201 2210 loripedi,
1225 2147 1376 2209 quocum-

298 2234 364 2295 que
388 2216 527 2279 volueris
550 2216 735 2280 ferramento
759 2236 930 2280 marcarum
947 2222 1068 2280 tuarum
1091 2218 1225 2298 pondus.
1259 2219 1374 2281 Verum

299 2305 327 2367 si
352 2305 426 2384 plus
449 2310 501 2367 aut
531 2306 635 2368 minus
663 2306 743 2369 iusto
773 2307 913 2386 pondere
942 2307 981 2368 ad
1012 2308 1208 2386 quantitatem
1239 2307 1376 2386 cuspidis

246 2408 396 2456 ursaceus
432 2393 506 2456 inde
539 2395 654 2472 tuleris,
690 2395 737 2457 vel
771 2396 797 2458 si
832 2413 895 2458 una
929 2396 1089 2474 sanguinis
1123 2400 1206 2475 gutta
1241 2395 1377 2458 infecerit

299 2483 443 2560 linteum,
468 2501 538 2545 curn
555 2484 682 2563 sanguis
697 2485 863 2547 substantia
879 2484 918 2547 sit
933 2485 1061 2562 iuvenis,
1084 2485 1161 2548 scias
1184 2488 1212 2547 te
1228 2485 1376 2547 continuo

300 2571 390 2633 mille
415 2572 568 2635 mortibus
591 2572 817 2654 perimendum,
846 2573 1097 2654 discerptumque
1119 2573 1151 2634 in
1175 2574 1259 2635 mille
1282 2573 1376 2635 frusta

299 2659 372 2722 fore
398 2678 498 2724 escam
523 2662 689 2724 bestiarum
706 2665 735 2724 et
749 2662 861 2739 avium,
885 2666 1046 2742 totumque
1066 2679 1165 2742 genus
1180 2667 1267 2724 tuum
1284 2661 1376 2724 simili

300 2749 456 2811 sententie
485 2750 664 2828 subiacebit,
696 2768 805 2830 resque
835 2755 887 2814 tue
918 2751 1166 2831 publicabuntur.
1214 2752 1304 2813 lianc
1326 2750 1377 2812 ille

247 2854 287 2900 roo
303 2838 490 2901 horribilem
511 2857 714 2919 expavescens
733 2841 926 2903 sententiam:
951 2839 1118 2918 Quoniam,
1142 2840 1250 2920 inquit,
1274 2839 1377 2901 nullus

302 2933 350 2990 est
375 2927 539 2991 hominum
563 2933 691 3008 excepto
715 2928 784 3006 deo,
808 2929 862 3008 qui
879 2929 918 2990 ita
934 2946 1060 2990 manum
1077 2929 1255 2992 modificare
1271 2927 1376 3008 possit,

303 3017 385 3095 quin
422 3016 491 3096 plus
526 3018 668 3080 minusve
697 3018 820 3094 auferat,
860 3017 932 3080 huic
966 3018 1081 3079 incerto
1117 3036 1166 3080 me
1200 3017 1377 3080 submittere

303 3105 421 3169 nolens
445 3105 586 3170 iuvenem
611 3106 741 3170 absolvo
765 3107 915 3185 mittoque
931 3105 1079 3182 debitum,
1104 3106 1187 3168 mille
1210 3107 1237 3168 ei
1261 3122 1377 3168 marcas

305 3213 367 3276 pro
392 3195 639 3258 reconciliatione
668 3195 889 3275 superaddens.
936 3194 987 3257 Sic
1016 3212 1092 3273 ergo
1123 3195 1242 3257 iuvenis
1272 3194 1378 3257 uxoris

248 3283 473 3365 imprudentia
496 3285 650 3361 liberatus,
682 3284 760 3346 letus
789 3283 828 3346 ad
860 3283 985 3364 propria
1013 3283 1164 3345 remeavit

712 3435 741 3489 4.
778 3426 833 3506 [ε
856 3425 886 3489 s.
911 3425 974 3504 aa]

399 3551 536 3625 Quidam
554 3551 767 3620 Romanorum
784 3569 845 3628 rex,
869 3550 945 3613 dum
964 3549 1132 3628 aliquando
1148 3553 1252 3612 contra
1266 3549 1379 3627 hostes,

306 3641 362 3724 qui
398 3641 458 3703 iarn
494 3641 659 3702 maximam
695 3639 781 3719 regni
811 3639 859 3702 sui
895 3643 1010 3719 partem
1043 3642 1273 3718 occupaverant,
1307 3657 1377 3700 cum

306 3731 441 3795 exercitu
458 3733 606 3810 pergeret,
623 3729 757 3808 contigit,
781 3732 815 3790 ut
830 3746 885 3807 per
900 3725 1056 3806 quendam
1080 3727 1219 3788 transiret
1234 3727 1379 3790 viculum.

307 3819 452 3884 Habebat
475 3819 518 3882 ibi
543 3816 638 3880 vidua
653 3816 786 3896 quedam
803 3833 920 3896 pauper
936 3833 1006 3877 curn
1030 3814 1097 3877 filio
1119 3815 1212 3878 unico
1235 3815 1379 3877 domum·

249 3926 291 3972 suo
305 3910 417 3986 culam,
449 3925 545 3970 unam
569 3909 686 3968 tantum
710 3905 750 3966 de
772 3905 896 3981 cunctis,
927 3902 1043 3982 quein
1074 3903 1194 3966 mundo
1218 3906 1380 3966 moventur

306 3998 488 4080 gallinulam
523 3994 696 4076 possidens.
754 3994 943 4056 Transeunte
971 3995 1072 4052 autem
1104 4009 1158 4071 per
1187 3996 1256 4053 ante
1287 3990 1379 4050 huius

306 4089 439 4152 domurn
460 4085 604 4161 exercitu,
628 4083 709 4161 regis
724 4082 808 4144 iilius
822 4079 1068 4143 adolescentulus
1082 4079 1262 4157 accipitrem,
1286 4093 1378 4153 quem

307 4177 463 4241 nobilium
489 4190 578 4235 more
602 4188 695 4232 manu
719 4169 862 4248 gestabat,
886 4167 925 4228 ad
948 4166 1093 4244 gallinam
1112 4165 1203 4226 vidue
1227 4163 1301 4240 iecit,
1325 4163 1379 4242 qui
