3584 4884
708 477 928 535 ,23-

249 665 272 709 ro
293 664 323 710 se
337 646 411 709 illud
429 648 546 711 relerat.
585 646 812 728 Obtemperans
834 648 927 728 igitur
940 652 1001 711 tam
1023 648 1192 713 industrius
1211 650 1293 730 regis
1311 655 1357 714 est

295 735 482 800 consiliarius
504 737 601 799 iactus
624 741 657 799 ut
681 736 852 799 inviderent
874 737 918 799 illi
941 755 1052 801 omnes
1066 738 1142 801 socii
1165 739 1240 802 eius.
1275 739 1356 802 Ade-

294 829 377 889 untes
399 826 501 905 itaque
525 844 629 905 regem
652 826 835 889 interminati
861 831 935 889 sunt
961 826 1057 906 quod,
1087 826 1146 889 nisi
1170 845 1242 890 eum
1265 828 1356 891 inter·

292 914 398 992 liceret,
422 932 477 977 eos
493 932 603 977 omnes
621 915 739 993 absque
761 914 860 978 dubio
883 915 1031 996 perderet.
1076 915 1281 979 Tristissimus
1303 935 1356 980 rex

292 1003 456 1081 consensit;
487 1003 636 1083 quaesivit
663 1008 764 1066 tanmn
791 1004 831 1067 ab
854 1004 900 1067 eis
922 1022 984 1084 qua
1010 1005 1171 1068 occasione
1198 1005 1230 1067 id
1257 1004 1356 1069 iacere

248 1108 270 1154 u
293 1096 399 1172 posset
446 1092 618 1173 ‚Praecipe⁴,
647 1092 740 1170 aiunt,
770 1093 823 1169 ,illi
850 1098 884 1155 ut
911 1111 978 1156 cras
1004 1094 1132 1157 veniens
1159 1111 1223 1157 non
1250 1112 1355 1157 secum

292 1180 379 1244 ducat
401 1181 460 1245 nisi
485 1198 582 1244 unum
599 1198 730 1258 servum,
754 1198 852 1243 unum
870 1183 1004 1245 amicum
1019 1186 1049 1245 et
1063 1200 1161 1244 unum
1177 1182 1357 1246 inimicum!

293 1270 426 1333 Territus
449 1270 510 1333 hoc
536 1270 618 1333 dicto
649 1270 699 1332 ille
726 1275 843 1351 patrem
870 1288 909 1333 ex
936 1272 996 1334 hoc
1024 1272 1228 1334 sciscitaturus
1253 1271 1356 1335 adivit

294 1358 378 1422 Pater
391 1376 468 1423 vero
484 1376 532 1436 ,ne
547 1360 741 1422 contristeris‘
757 1359 869 1439 inquit;
889 1359 953 1438 ,sed
968 1360 1057 1423 valde
1073 1361 1192 1423 bonum
1209 1378 1356 1441 praepara

293 1465 309 1509 a
330 1466 401 1528 rege
424 1447 464 1511 de
487 1448 599 1527 quovis
621 1448 751 1511 consilio
775 1465 838 1511 non
862 1453 950 1512 antea
971 1450 1172 1529 responderet
1193 1450 1295 1513 donee
1315 1450 1355 1511 ad

249 1538 382 1601 anobis
414 1537 599 1613 obsonium,
633 1537 784 1617 optimum
815 1536 855 1599 de
886 1556 936 1600 me
965 1543 1143 1618 accepturus
1172 1538 1355 1601 consilium‘.

295 1626 365 1689 Post
380 1625 545 1707 prandium
558 1626 651 1705 igitur
662 1624 739 1687 dixit
753 1625 796 1687 illi
809 1626 954 1689 secretius
965 1631 1062 1707 pater:
1077 1627 1193 1703 ,Habes
1204 1627 1356 1707 optimum

293 1716 425 1793 asinum;
459 1715 545 1777 illum
577 1733 672 1795 pane,
700 1714 774 1779 vino
802 1718 831 1778 el
857 1732 949 1778 carne
974 1715 1036 1777 duc
1065 1720 1164 1778 tecum
1195 1720 1356 1794 onustum;

294 1804 386 1867 habes
413 1804 581 1867 caniculam
609 1803 648 1865 ad
676 1807 727 1866 tua
753 1803 951 1867 defendenda
979 1803 1069 1866 valde
1096 1808 1242 1884 paratam;
1274 1805 1356 1867 illam

294 1898 390 1956 tecum
415 1892 535 1971 habeto,
558 1910 686 1955 uxorem
703 1910 830 1972 quoque
849 1892 1001 1956 adhibens
1022 1897 1131 1970 tecum,
1153 1893 1274 1955 asinum
1299 1911 1357 1973 pro

247 1998 271 2043 u
294 2000 396 2059 servo,
428 2000 534 2045 canem
566 2000 624 2062 pro
652 1982 768 2060 amico,
799 2000 928 2045 uxorem
960 1982 1095 2046 otterens
1125 1999 1183 2062 pro
1213 1982 1357 2046 inimico!

293 2070 369 2151 Agit
393 2070 515 2133 asinum
537 2070 688 2148 assumsit,
713 2087 818 2133 canem
842 2086 947 2133 secum
971 2071 1083 2151 pariter
1104 2071 1199 2147 duxit,
1227 2088 1355 2134 uxorem

294 2178 348 2223 nec
381 2159 479 2239 liquit
535 2159 648 2239 Regem
687 2158 761 2222 adiit
794 2159 1013 2237 tristissimum,
1051 2159 1246 2222 considerare
1278 2178 1357 2239 quae

293 2248 440 2311 detulerat
462 2248 602 2328 flagitans
621 2248 718 2325 illurn,
741 2248 822 2326 ,iste‘,
846 2248 998 2328 inquiens,
1021 2248 1084 2328 ,qui
1100 2247 1197 2311 adstat
1219 2252 1357 2325 onustus,

293 2355 380 2400 meus
403 2342 450 2401 est
471 2354 589 2416 servus;
619 2336 679 2419 ,illc
705 2336 781 2399 alter
810 2354 899 2399 meus
925 2337 1055 2414 amicus;
1085 2338 1171 2400 tertia
1197 2355 1286 2401 meus
1312 2344 1357 2401 est

246 2442 269 2486 ao
293 2444 355 2505 quo
368 2426 556 2489 infestiorem
569 2426 681 2489 habere
697 2444 747 2488 me
762 2443 855 2505 spero
867 2426 1022 2488 neminem
1035 2424 1196 2488 inimicus‘.
1218 2425 1358 2490 Audiens

293 2515 341 2577 illa
368 2532 462 2595 super
491 2514 593 2595 ignem
624 2514 665 2577 ait
686 2532 824 2579 accensa:
859 2514 1071 2593 ,inimicumne
1099 2532 1149 2576 me
1175 2518 1263 2577 tuum
1290 2533 1357 2578 esse

293 2603 502 2684 pronuncias?
530 2603 646 2681 merito,
670 2603 805 2683 inquam,
829 2622 909 2683 quae
931 2608 1037 2667 contra
1057 2603 1139 2683 regis
1161 2608 1356 2683 praeceptum

292 2697 345 2757 tuo
360 2692 479 2756 servavi
496 2692 580 2773 patri,
596 2692 651 2755 tibi
668 2692 825 2769 obediens,
845 2692 956 2756 vitam.
993 2692 1182 2756 Adolescens
1196 2691 1236 2754 ad
1252 2710 1356 2772 regem

293 2798 476 2845 conversus:
503 2780 641 2845 „videtur
656 2798 695 2845 ne
711 2786 826 2845 vestrae
843 2780 988 2844 maiestati
1011 2781 1166 2843 inimicam
1190 2780 1269 2843 hanc
1290 2798 1357 2844 esse

246 2884 270 2929 as
294 2870 412 2933 mihiit
464 2869 609 2948 „Valde'q
630 2869 827 2950 respondent
854 2869 918 2947 ille;
955 2869 1019 2948 ,sed
1050 2873 1153 2932 utrum
1182 2887 1290 2932 vemm
1320 2869 1359 2932 sit

293 2960 364 3022 volo
388 2958 541 3023 ediscere‘.
586 2960 709 3037 ,Verum
733 2960 794 3037 est‘,
822 2958 870 3021 ait.
916 2958 1047 3036 ,Gratias
1069 2957 1148 3035 deo‘,
1176 2958 1358 3021 laetissimus

294 3048 342 3111 ille
374 3046 541 3128 respondit.
587 3047 697 3125 ,Curre
727 3048 831 3127 igitur.
862 3064 951 3110 curre
980 3051 1010 3110 et
1039 3047 1115 3109 mihi
1146 3047 1254 3111 festina
1285 3064 1357 3110 eum

294 3136 456 3200 reduceret
498 3136 607 3199 Actum
632 3140 684 3199 est.
722 3136 926 3201 Consiliarius
950 3138 1030 3217 regis
1053 3136 1189 3217 optimus
1211 3135 1357 3214 redditur,

293 3225 473 3290 adolescens
494 3243 512 3287 a
535 3226 642 3289 mortis
665 3225 793 3288 instante
809 3225 946 3305 periculo
963 3226 1115 3301 liberatur,
1138 3243 1218 3288 uxor
1233 3229 1278 3288 est
1293 3242 1357 3288 non
1473 3305 1476 3310 Α

246 3330 270 3375 lo
292 3332 395 3377 amare
431 3314 586 3392 iuvenem,
618 3318 651 3376 ut
680 3313 849 3393 videbatur,
883 3314 1006 3393 detecta,
1041 3331 1120 3394 quae
1150 3313 1218 3377 tore
1251 3314 1358 3393 utique

292 3402 476 3467 amicissima
503 3407 665 3483 putaretur,
696 3402 754 3465 nisi
778 3402 874 3465 taliter
896 3403 1085 3483 probaretur.

454 3704 487 3769 9.
519 3700 611 3771 l’etrl
635 3700 792 3789 lllpnonsl
817 3700 992 3789 disolpllna
1015 3700 1194 3771 clericalls.

719 3825 763 3879 (eo.
776 3824 802 3869 v.
817 3822 933 3878 Schmidt)

729 3919 761 3980 ll.
808 3917 927 3980 8-10.

385 4031 414 4089 8.
436 4024 536 4089 Arabs
559 4025 733 4101 moriturus,
757 4028 865 4087 vocato
880 4024 947 4087 tilio
967 4041 1034 4101 suo,
1057 4023 1134 4085 dixit
1156 4022 1197 4085 ei:
1223 4022 1290 4098 Dic,
1313 4022 1358 4083 tili

296 4118 372 4193 quot
385 4113 449 4191 tibi,
465 4113 541 4176 dum
557 4113 666 4192 vixisti,
681 4112 858 4193 acquisieris
872 4112 1010 4175 amicos?
1038 4146 1065 4155 -
1091 4110 1261 4190 Respondit
1276 4110 1359 4172 tilius

297 4208 326 4265 et
340 4202 427 4265 dixit:
449 4201 591 4281 Centum,
608 4206 641 4265 ut
655 4202 793 4279 arbitror,
809 4200 957 4280 acquisivi
974 4199 1049 4261 mihi
1064 4200 1189 4261 amicos.
1218 4233 1244 4241 -
1275 4196 1359 4259 Dixit
