3584 4884
722 410 944 468 ..39-

248 600 287 644 soa
300 600 369 644 eum
394 600 462 645 esse
486 584 638 661 insanum,
663 586 692 645 et
712 582 769 644 nisi
789 582 843 646 tibi
859 587 889 645 et
902 583 964 645 tuis
984 581 1155 662 provideas,
1177 586 1269 663 caput
1289 582 1368 645 fuste

298 671 424 735 dolabit
463 672 512 734 Ad
528 672 589 734 boc
603 671 778 734 eunuchus:
802 672 848 733 Tu
868 671 1067 747 benedicaris,
1090 671 1164 751 quia
1179 671 1276 735 modo
1292 672 1367 734 mihi

297 765 327 822 et
356 761 434 823 meis
467 760 650 840 providebo.
682 796 709 804 -
748 766 775 823 6.
799 760 925 824 Talibus
954 760 1042 823 dictis
1065 759 1198 822 Nedui
1229 760 1368 841 sequenti

298 848 347 911 dle
362 850 501 929 magistn'
516 849 564 911 sui
580 853 696 912 secreto
712 849 834 912 forfices
848 850 1019 913 abscondit
1057 848 1097 911 nt
1112 848 1227 913 incisor
1246 849 1369 913 forfices

297 955 452 1017 quaerens
468 942 497 1000 et
512 955 576 1001 non
598 938 758 1001 inveniens
780 938 881 1018 coepit
902 943 1013 1000 terram
1037 938 1182 1001 manibus
1204 942 1368 1018 percutere,

248 1044 285 1088 sno
299 1031 328 1089 et
350 1026 413 1089 huc
436 1032 467 1088 et
489 1027 562 1089 illuc
584 1044 639 1106 per
661 1031 771 1089 terram
795 1027 938 1107 aspicere,
961 1032 991 1089 et
1012 1044 1067 1090 sua
1089 1026 1163 1089 sede
1183 1044 1318 1107 surgere,
1340 1032 1370 1089 et

298 1133 461 1178 scamnum
485 1133 579 1195 super
594 1115 681 1195 quod
697 1116 821 1179 sedebat
843 1134 946 1199 manu,
961 1133 1113 1179 amovere.
1153 1116 1238 1178 Ilaec
1260 1115 1369 1177 videns

298 1204 463 1267 eunuchus
494 1204 592 1266 statim
616 1203 741 1267 cllentes
763 1222 838 1267 suos
860 1205 988 1280 voravit,
1020 1204 1233 1285 praecepitque
1263 1204 1307 1267 eis
1336 1208 1370 1266 ut

298 1293 464 1356 incisorem
489 1293 624 1373 ligarent,
656 1297 686 1355 et
708 1312 747 1355 ne
769 1294 903 1373 aliquem
926 1293 1112 1369 verberaret,
1143 1293 1275 1373 gravIter
1297 1311 1368 1355 eum

299 1382 454 1445 verberari
490 1382 587 1461 jussIt.
644 1388 671 1445 7.
705 1382 819 1446 incisor
848 1400 924 1445 vero
958 1382 1114 1459 clamabat,
1149 1383 1189 1444 ita
1222 1381 1368 1446 dicendo:

249 1487 285 1533 uu
300 1470 387 1545 Quid
412 1471 548 1548 forefeci,
571 1470 702 1550 utquid
726 1489 775 1533 me
797 1471 909 1534 talibus
938 1470 1075 1549 affligitis
1101 1470 1303 1534 verberibus?
1334 1507 1361 1515 -

298 1560 337 1622 m
370 1560 415 1622 illi
451 1560 551 1623 acrius
583 1560 775 1623 verberando
805 1561 951 1623 tacebant.
1001 1560 1138 1633 Quando
1167 1564 1268 1622 autem
1299 1560 1369 1623 lassi

298 1646 426 1711 fue‘runt
448 1649 640 1711 verberando
664 1667 792 1711 exosum
815 1649 893 1712 vitae
916 1650 1082 1713 solverunt
1128 1648 1193 1723 Qui
1217 1649 1370 1729 respirans

299 1738 396 1817 longo
421 1737 570 1817 temporis
593 1738 751 1800 intervallo
775 1739 925 1818 quaesIvit
950 1738 990 1801 ab
1017 1738 1162 1801 eunucho
1185 1737 1263 1817 quid
1290 1737 1369 1800 fore-

299 1826 428 1890 fecisset.
473 1826 640 1889 Eunuchus
662 1827 701 1888 ad
725 1828 811 1889 haec:
836 1827 922 1889 Dixit
944 1827 1020 1889 mihi
1044 1826 1176 1889 Nedui
1200 1825 1370 1906 discipulus

248 1933 286 1978 no
299 1919 372 1979 tuus
395 1915 484 1995 quod
507 1933 597 1995 saepe
620 1915 776 1993 insanires,
800 1920 829 1978 et
843 1934 908 1979 non
925 1915 983 1978 nisi
999 1916 1131 1979 vinculis
1145 1919 1175 1977 et
1189 1914 1370 1977 verberibus

299 2008 456 2067 correctus
479 2022 623 2079 eessares;
647 2009 677 2067 et
699 2004 770 2067 ideo
793 2008 822 2067 te
845 2004 932 2084 ligari
955 2004 1040 2083 jussi.
1065 2041 1091 2048 -
1118 2010 1147 2067 8.
1172 2004 1243 2067 lloc
1264 2003 1370 2066 audito

299 2094 415 2156 Incisor
445 2094 563 2155 voeavIt
591 2094 713 2156 Nedui
744 2093 939 2173 discipulum,
971 2111 1072 2170 suum,
1105 2098 1134 2155 et
1160 2092 1213 2154 ait:
1245 2092 1369 2155 Amice!

300 2181 440 2255 Quando
457 2182 567 2245 novisti
580 2200 630 2244 me
646 2182 811 2245 insanum?
829 2217 854 2225 -
876 2182 925 2244 nd
942 2183 1018 2245 baec
1032 2182 1215 2263 dIscipulus:
1232 2180 1369 2255 Quando

299 2271 413 2334 novisti
438 2289 489 2332 me
512 2271 570 2334 mel
596 2287 659 2334 non
684 2271 868 2334 comedere?
900 2306 927 2315 -
960 2272 1128 2334 Eunuchus
1158 2275 1188 2333 et
1216 2270 1267 2332 alii
1296 2269 1370 2332 baec

248 2376 286 2422 ns
301 2360 464 2427 audientes
476 2360 606 2422 riserunt
620 2360 717 2437 valde,
738 2364 767 2422 et
778 2364 942 2439 utrumque
954 2360 1062 2422 merito
1075 2376 1190 2440 poenas
1202 2359 1370 2438 suscepisse

297 2448 520 2527 judicaverunt.

719 2538 813 2601 XXII.
863 2546 958 2602 1-3.

394 2652 420 2705 l.
444 2643 534 2705 Venit
556 2643 682 2722 quidam
713 2645 862 2723 joculator
891 2644 930 2706 ad
954 2662 1071 2723 regem,
1103 2662 1196 2723 quern
1227 2647 1368 2706 vocatum

298 2751 352 2795 rex
374 2750 447 2795 cum
472 2732 532 2794 ali0
559 2732 725 2811 joculatore
753 2733 823 2795 fecit
849 2732 957 2795 sedere
979 2737 1069 2812 atque
1092 2731 1262 2796 comedere.
1308 2731 1369 2794 Sed

299 2822 352 2901 qui
387 2821 475 2901 prius
506 2825 629 2883 venerat
658 2820 809 2900 ioculator
838 2822 938 2901 coepit
968 2821 1105 2884 invidere
1134 2820 1369 2901 supervenienti,

248 2928 286 2973 aar
300 2928 395 2990 quem
413 2928 466 2971 rex
489 2905 547 2971 sihi
569 2910 631 2990 jam
655 2910 849 2989 praeferebat,
873 2916 902 2972 et
924 2928 1033 2973 omnes
1055 2910 1172 2973 auIItae.
1211 2908 1307 2983 Quod
1331 2927 1370 2971 ne

298 2998 431 3074 duraret,
456 2998 607 3078 pudorem
624 2999 667 3061 illi
683 3000 789 3076 facere,
813 3004 846 3060 ut
860 3000 905 3061 sle
919 2999 1023 3061 saltem
1040 2999 1196 3078 effugeret,
1220 2998 1369 3078 cogitavit

300 3096 329 3152 2.
355 3090 459 3167 ltaque
489 3088 695 3151 nescientibus
724 3088 791 3150 aliis
820 3105 889 3150 ossa
921 3088 1046 3150 latenter
1077 3089 1195 3168 primus
1221 3087 1371 3166 joculator

299 3175 502 3253 coordinavit,
532 3180 561 3238 et
583 3180 651 3240 ante
681 3177 799 3239 soclum
824 3177 934 3256 posuit
982 3176 1144 3256 fimtoque
1177 3176 1307 3256 prandio
1337 3174 1368 3237 in

300 3264 508 3346 opprobrium
536 3264 611 3328 socii
641 3260 807 3345 conjectam
839 3270 953 3328 struem
985 3266 1102 3329 ossium
1135 3266 1199 3345 regi
1230 3264 1369 3341 ostendit,

249 3372 286 3417 aas
300 3359 330 3416 et
344 3353 530 3416 mordaciter
549 3354 663 3434 inquit:
688 3354 837 3417 Domine!
862 3354 971 3417 Socius
987 3372 1074 3417 meus
1090 3354 1230 3417 omnium
1252 3353 1369 3415 ossium

299 3444 476 3505 vestituram
500 3443 645 3505 comedIt!
676 3478 703 3487 —
737 3450 764 3506 3.
789 3442 853 3511 Rex
883 3462 957 3506 vero
987 3444 1083 3507 torvis
1113 3443 1210 3506 oculis
1240 3442 1371 3522 respexit

299 3532 337 3594 ad
364 3549 447 3594 eum.
493 3531 657 3595 Accusatus
687 3536 788 3595 autem
820 3533 884 3611 regi
916 3534 968 3594 ait:
993 3533 1143 3596 Domine!
1191 3532 1259 3594 Feci
1283 3530 1369 3610 quod

300 3624 408 3683 natura
432 3620 567 3682 humana
590 3621 771 3700 requirebat.
819 3621 936 3684 Carnes
960 3622 1089 3699 comedi,
1113 3627 1142 3685 et
1164 3639 1235 3685 ossa
1257 3619 1369 3682 dimisi.

299 3709 410 3773 Socius
441 3726 517 3772 vero
540 3727 627 3772 meus
651 3710 720 3772 fecit
742 3711 829 3790 quod
852 3710 961 3773 canina
983 3710 1095 3773 seilicet
1122 3710 1296 3791 requirebat
1317 3726 1369 3770 na-

250 3803 374 3877 notura,
399 3798 475 3877 qula
498 3798 630 3861 comedit
652 3817 758 3861 carnes
781 3803 810 3862 et
832 3816 912 3862 ossa

708 3942 814 4005 XXIII.
864 3950 874 4003 1
891 3947 958 4004 -6,

391 4056 420 4109 1.
453 4046 589 4120 Quidam
621 4048 717 4112 homo
748 4048 855 4111 habuit
883 4047 1065 4127 virgultum,
1103 4048 1134 4109 in
1169 4064 1234 4127 quo
1254 4007 1370 4107 'rivulis

295 4136 471 4201 fluentibus
502 4135 597 4198 herba
625 4137 732 4200 viridis
762 4141 836 4215 erat,
873 4141 903 4199 et
933 4154 990 4216 pro
1020 4136 1172 4199 habilitate
1207 4134 1265 4198 loci
1297 4151 1369 4195 con-
1413 4144 1418 4153 ·
