3584 4884
845 459 1067 517 ,3⁶-

423 636 478 699 iste
494 652 610 716 pauper
625 634 723 697 homo
739 632 815 695 nihil
831 632 965 712 amplius
981 631 1096 694 invenit
1111 648 1205 709 quam
1218 628 1360 692 reddidit
1383 626 1492 705 Quod,

423 724 523 787 malus
538 724 634 787 homo
651 722 676 786 si
693 725 778 800 esset,
796 738 957 801 nunquam
974 719 1050 801 quid
1067 718 1257 795 reddidisset,
1274 718 1372 780 immo
1391 720 1491 779 toturn

369 830 410 877 ru
425 813 541 877 celaret.
563 848 589 856 -
614 818 641 875 7.
662 812 751 873 Tunc
766 828 831 873 rex:
852 808 940 889 Quid
961 813 1063 871 autem
1083 807 1201 887 judiees
1221 806 1315 870 inde?
1334 842 1365 851 -
1386 804 1494 868 Philo·

424 901 555 982 sophus:
580 900 652 977 Rex,
680 917 769 962 sume
796 916 933 976 censum,
956 902 986 960 et
1012 896 1053 959 da
1080 915 1118 959 ex
1145 914 1183 959 eo
1211 895 1337 976 pauperi
1368 898 1492 957 centum

424 990 541 1067 talenta,
566 993 595 1051 et
617 988 704 1069 quod
721 986 900 1051 remanserit
921 1004 1008 1050 serva
1031 985 1133 1049 donec
1147 984 1264 1048 venerit
1286 984 1339 1064 qui
1364 1000 1492 1047 censum

425 1082 562 1159 quaerat,
583 1076 669 1158 quod
686 1095 750 1141 non
767 1076 817 1139 hic
831 1080 884 1155 est,
901 1076 989 1155 cuius
1004 1075 1060 1138 iste
1074 1092 1186 1137 census
1201 1074 1248 1137 sit.
1289 1074 1325 1135 Et
1340 1072 1391 1135 hic
1406 1071 1494 1135 dives

426 1169 522 1232 homo
534 1166 623 1230 vadat
638 1165 677 1229 ad
690 1182 883 1247 praeconem,
900 1168 929 1227 et
943 1164 1032 1227 taciat
1046 1165 1234 1243 interrogare
1248 1161 1404 1225 sacculum
1420 1178 1493 1224 cum

372 1275 413 1321 roo
427 1256 553 1320 duobus
580 1255 781 1335 serpentibus.
805 1290 849 1299 -
873 1252 949 1333 Regi
976 1256 1077 1315 autem
1107 1252 1219 1333 placuit
1246 1251 1307 1315 lroc
1332 1250 1493 1330 judicium,

425 1348 517 1425 atque
539 1344 688 1408 omnibus
710 1343 976 1407 circumstantibus
998 1342 1050 1405 ibi.
1097 1346 1126 1403 8.
1151 1341 1247 1404 Dives
1262 1358 1337 1403 vero
1360 1338 1415 1419 qui
1430 1356 1495 1402 sac-

426 1434 530 1497 culum
547 1431 721 1513 perdiderat
736 1433 796 1496 hoc
810 1430 941 1495 audiens
964 1431 1076 1511 inquit:
1101 1431 1189 1493 Bone
1209 1447 1269 1511 rex,
1290 1429 1362 1492 dico
1381 1428 1437 1491 tibi
1461 1428 1494 1490 in

427 1522 550 1586 veritate
565 1522 649 1585 hunc
664 1539 790 1584 censum
806 1522 903 1584 tuisse
918 1538 1022 1582 meum
1028 1541 1036 1597 ;
1051 1520 1106 1582 sed
1122 1519 1195 1598 quia
1206 1518 1349 1581 volebam
1366 1516 1495 1597 pauperi
1605 1550 1608 1555 -

428 1611 514 1691 quod
530 1628 640 1693 praeco
657 1610 838 1691 promiserat
853 1609 982 1686 auterre,
1005 1608 1069 1671 dixi
1090 1608 1165 1670 mihi
1188 1607 1291 1670 adhuc
1313 1606 1408 1669 aliurn
1432 1624 1496 1669 ser-

374 1704 552 1781 serpentem
568 1700 683 1763 deesse.
718 1698 779 1764 Sed
792 1698 897 1777 modo,
914 1716 974 1774 rex,
992 1698 1051 1759 mei
1068 1697 1220 1773 miserere,
1236 1700 1265 1759 et
1280 1695 1367 1776 quod
1384 1713 1496 1775 praeco

429 1790 571 1870 promisit
585 1787 713 1852 reddam
730 1788 866 1870 pauperi.
883 1824 910 1831 -
928 1786 992 1855 Rex
1007 1786 1081 1849 inde
1100 1803 1227 1849 censum
1248 1803 1340 1848 suurn
1362 1783 1498 1847 reddidit

429 1878 523 1958 diviti,
540 1878 626 1941 dives
640 1882 741 1941 autem
758 1876 893 1959 pauperi.
934 1876 976 1939 lta
991 1875 1198 1956 philosophus
1212 1892 1305 1938 sensu
1324 1879 1354 1936 et
1369 1873 1497 1953 ingenio

430 1968 569 2031 liberavit
591 1984 766 2049 pauperem.

852 2108 932 2171 XIX.
981 2116 1034 2168 1-
1048 2112 1074 2169 7.

524 2241 550 2295 1.
574 2233 653 2295 Nam
670 2237 699 2295 et
714 2251 773 2311 ego
789 2236 819 2295 et
833 2232 909 2295 socii
926 2230 1077 2294 meldum
1094 2230 1228 2311 quadam
1248 2230 1299 2293 die
1315 2230 1499 2311 perrexisse-

377 2338 418 2385 mo
433 2338 503 2383 mus
527 2320 566 2383 ad
591 2320 710 2397 urbem,
733 2321 798 2384 sole
820 2320 859 2383 ad
885 2337 1028 2383 occasum
1051 2320 1327 2401 appropinquante,
1347 2324 1377 2381 et
1395 2319 1500 2382 adhuc

431 2410 524 2489 longe
545 2426 683 2472 essemus
704 2428 722 2472 a
745 2409 870 2487 civitate,
894 2407 1030 2471 vidimus
1051 2409 1199 2486 semitam,
1223 2427 1303 2488 quae
1325 2408 1499 2471 secundum

431 2498 532 2561 visum
560 2498 646 2561 ituris
672 2498 711 2561 ad
739 2498 887 2561 civitatem
916 2497 1111 2577 promittebat
1137 2497 1367 2578 compendium.
1410 2498 1500 2559 Tunc

433 2587 607 2650 invenimus
622 2604 737 2665 senem,
753 2605 850 2667 aquo
868 2586 1085 2666 requisivimus
1101 2586 1141 2649 de
1153 2587 1260 2649 itinere
1271 2586 1353 2649 illius
1364 2586 1499 2648 semitae.

432 2675 473 2738 At
487 2693 580 2739 senex
595 2676 647 2739 ait:
673 2676 806 2756 Propius
821 2676 928 2739 semita
942 2676 1027 2739 ducit
1041 2675 1080 2738 ad
1101 2676 1251 2738 civitatem
1271 2693 1365 2755 quam
1387 2692 1501 2753 magna

379 2782 420 2827 495
434 2764 491 2843 via,
515 2768 543 2827 et
564 2769 664 2827 tamen
688 2765 777 2829 citius
800 2765 927 2827 venietis
951 2783 1006 2845 per
1029 2782 1172 2843 magnam
1193 2764 1273 2827 viam
1294 2764 1333 2826 ad
1349 2764 1500 2827 civitatem

434 2871 527 2933 quam
544 2872 598 2934 per
621 2854 769 2918 semitam.
803 2890 827 2897 -
861 2862 891 2917 2.
922 2855 992 2916 Hoc
1020 2854 1180 2916 audientes
1210 2853 1296 2915 illum
1320 2870 1379 2933 pro
1406 2852 1501 2915 stulto

434 2942 608 3020 habuimus,
632 2948 661 3005 et
684 2960 827 3022 magnam
843 2943 924 3005 viam
941 2946 1166 3023 praetereuntes
1185 2942 1225 3004 ad
1245 2942 1383 3005 semitam
1407 2940 1501 3004 decli-

435 3032 584 3110 navimus,
601 3050 694 3113 quam
711 3032 882 3095 insistentes
897 3031 937 3094 ad
953 3031 1089 3094 dextram
1105 3034 1135 3093 et
1149 3031 1301 3094 sinistram
1314 3034 1429 3110 quanta
1442 3029 1502 3091 tuit

436 3139 499 3184 nox
526 3121 742 3199 deerravimus,
769 3139 825 3184 nec
846 3121 886 3183 ad
910 3120 1059 3183 civitatem
1084 3120 1289 3199 pervenimus,
1334 3120 1374 3181 At
1396 3119 1421 3181 si
1445 3137 1502 3199 per

381 3227 421 3272 mo
436 3210 543 3273 callem
572 3210 811 3291 perrexissemus
839 3209 947 3290 procul
975 3208 1074 3272 dubio
1101 3208 1203 3271 media
1233 3212 1321 3272 nocte
1351 3208 1501 3271 civitatem

436 3299 701 3362 subintrassemus.

527 3393 555 3449 3.
581 3388 668 3450 Pater
689 3388 728 3450 ad
753 3388 839 3451 haec:
876 3388 960 3450 llaec
983 3387 1075 3450 nobis
1096 3387 1155 3449 alia
1177 3387 1244 3449 vice
1266 3386 1374 3449 evenit.

527 3484 556 3537 4.
580 3476 687 3549 Quum
709 3494 908 3557 pergeremus
928 3494 983 3557 per
1001 3476 1091 3538 aliam
1112 3476 1193 3539 viam
1215 3493 1357 3554 magnam
1373 3474 1413 3536 ad
1428 3474 1503 3537 civi-

437 3566 526 3625 tatem
543 3569 679 3643 praeerat
694 3565 787 3645 nobis
800 3565 924 3641 fluvius,
948 3583 1041 3644 quem
1057 3582 1265 3644 quocumque
1278 3563 1375 3627 modo
1395 3563 1503 3626 transi-

383 3652 498 3715 moturi
522 3670 651 3729 eramus,
674 3658 837 3732 antequam
861 3653 1010 3716 civitatem
1035 3654 1225 3717 intraremus.
1271 3653 1383 3733 Sicque
1411 3652 1504 3715 nobis

439 3740 494 3803 iter
516 3741 677 3820 agentibus
701 3742 732 3803 in
756 3740 833 3803 duas
853 3746 953 3821 partes
975 3746 1020 3805 est
1041 3746 1121 3805 secta
1143 3743 1200 3821 via,
1224 3760 1355 3822 quarum
1379 3759 1442 3804 una
1463 3740 1504 3803 ad

439 3829 587 3891 civitatem
611 3848 666 3909 per
688 3830 811 3907 vadum,
839 3830 933 3893 altera
959 3849 1015 3911 per
1041 3836 1166 3911 pontem
1195 3830 1334 3895 ducebat
1382 3830 1505 3893 Deinde

439 3936 544 3981 senem
568 3918 724 3998 quendam
744 3918 888 3996 vidimus,
912 3937 1005 3998 quem
1029 3919 1069 3983 de
1091 3920 1214 3983 duabus
1234 3920 1293 3983 viis
1315 3937 1395 3999 quae
1418 3919 1506 3999 prius

440 4006 563 4071 duceret
577 4008 616 4071 ad
633 4008 781 4071 civitatem
798 4008 1063 4087 interrogavimus
1089 4011 1116 4071 5.
1129 4008 1229 4072 Senex
1244 4014 1359 4071 autem:
1377 4008 1506 4070 Brevior

386 4114 427 4160 515
442 4100 486 4159 est
500 4097 550 4159 via
564 4097 602 4160 ad
624 4098 772 4161 civitatem
793 4115 848 4177 per
863 4096 977 4158 vadum
998 4097 1124 4160 duobus
1144 4097 1326 4159 milliaribus
1346 4114 1440 4175 quam
1456 4096 1507 4159 via

441 4204 496 4267 per
522 4190 657 4266 pontem,
685 4185 739 4249 sed
767 4190 877 4262 tamen,
909 4184 1016 4263 inquit,
1040 4184 1128 4247 citius
1151 4185 1277 4263 potestis
1300 4203 1356 4264 per
1378 4188 1505 4265 pontem
