3584 4884
871 487 1092 543 -23-

397 673 436 719 mo
453 655 603 733 Permitte,
625 656 725 736 inquit
745 656 803 733 illa,
824 656 979 721 carissime
998 658 1127 721 domine
1149 657 1200 735 mi,
1216 662 1250 721 ut
1264 660 1389 722 oculum
1405 676 1520 722 sanum

452 744 624 807 medicinali
647 749 709 807 arte
732 745 915 809 confirmem
939 751 969 809 et
990 747 1166 824 carminem,
1191 766 1231 811 ne
1252 747 1292 810 ita
1314 747 1457 811 deveniat
1478 747 1521 811 de

450 850 534 911 sano,
559 838 592 896 ut
614 833 689 896 mihi
712 833 773 914 jam
798 835 900 897 evenit
921 834 962 898 de
982 853 1136 917 percusso,
1160 837 1234 916 quia
1255 836 1404 900 damnum
1427 840 1518 900 tuum

450 939 583 985 comune
606 926 652 986 est
674 923 774 987 nobis.
797 959 822 967 -
843 930 872 987 8.
896 924 1130 1005 Apponensque
1153 943 1189 988 os
1212 943 1303 988 suum
1327 925 1366 988 ad
1390 926 1517 989 oculum

451 1028 561 1073 sanum
585 1010 702 1075 tamdiu
725 1012 802 1075 fovit
824 1030 990 1093 quousque
1012 1032 1031 1076 a
1054 1014 1123 1077 loco
1147 1014 1200 1078 ubi
1228 1014 1428 1078 absconditus
1455 1018 1520 1077 erat

397 1117 437 1162 1os
451 1099 568 1163 amicus
582 1100 650 1164 viro
674 1101 826 1164 nesciente
846 1101 992 1165 discessit.
1032 1102 1170 1165 Tandem
1194 1099 1383 1183 se'erigens:
1409 1104 1517 1181 Modo,

451 1188 558 1268 inquit
588 1188 742 1253 carissime
770 1189 823 1268 vir,
849 1190 892 1254 sis
919 1208 1046 1254 securus
1076 1210 1115 1254 ne
1138 1191 1177 1255 de
1200 1192 1262 1255 hoc
1283 1192 1376 1255 oculo
1399 1192 1520 1255 eveniat

450 1277 579 1357 qualiter
594 1277 634 1342 de
656 1278 751 1342 altero
774 1279 884 1342 evenit.
920 1280 986 1359 Jam
1003 1284 1090 1361 potes
1113 1281 1138 1344 si
1162 1280 1218 1344 tibi
1234 1281 1331 1361 placet
1349 1281 1389 1344 ad
1405 1281 1517 1345 lectum

450 1366 646 1431 descendere.
669 1402 700 1411 -

886 1510 936 1572 xl.
985 1518 1080 1573 1-4.

544 1641 570 1695 t.
593 1632 717 1696 Dictum
734 1638 779 1697 est
794 1635 833 1696 de
848 1634 986 1713 quodam
1002 1635 1056 1715 qui
1074 1653 1201 1715 peregre
1217 1636 1417 1716 proficiscens
1433 1654 1518 1699 com-

397 1740 437 1786 1ro
453 1721 534 1785 misit
549 1738 677 1805 uxorem
693 1739 781 1786 suam
797 1723 899 1786 socrui
915 1740 997 1787 suae.
1024 1725 1113 1789 Uxor
1127 1728 1228 1788 autem
1243 1742 1299 1787 sua
1313 1724 1408 1787 alium
1419 1743 1517 1804 quen-

450 1811 521 1874 dam
545 1810 704 1888 adamavit
728 1816 757 1875 et
779 1812 866 1875 matri
890 1812 951 1875 hoc
973 1812 1125 1875 indicavit
1169 1812 1259 1886 Quae
1281 1818 1437 1877 commota
1459 1832 1517 1894 pro

451 1900 514 1963 tilia
534 1899 607 1963 iavit
626 1900 733 1979 amori,
755 1905 784 1964 et
802 1919 978 1964 convocans
994 1920 1124 1982 procum
1141 1902 1242 1982 coepit
1257 1920 1327 1965 cum
1344 1903 1517 1983 coepulari

450 1994 479 2053 et
501 1989 573 2053 iilia.
623 1998 652 2053 2.
679 1990 881 2071 Epulantibus
905 1990 965 2053 illis
987 1990 1164 2072 supervenit
1186 1990 1320 2069 maritus,
1344 1995 1374 2053 et
1402 1992 1517 2054 ostium

452 2078 592 2159 pulsavit.
633 2078 669 2140 Et
688 2096 879 2159 consurgens
902 2080 1014 2142 mulier
1028 2097 1157 2160 procum
1173 2079 1342 2156 abscondit,
1358 2083 1388 2142 et
1403 2080 1516 2143 ostium

396 2184 437 2229 115
452 2170 557 2247 postea
572 2166 703 2230 domino
718 2168 846 2247 aperuit.
886 2167 951 2241 Qui
967 2173 1130 2248 postquam
1147 2168 1275 2246 intravit,
1291 2173 1325 2231 ut
1340 2168 1435 2232 lectus
1457 2169 1517 2232 sibi

451 2258 646 2335 praeparetur
661 2256 820 2336 praecepit,
838 2274 909 2319 nam
927 2257 1083 2336 quiescere
1098 2257 1227 2334 volebat,
1243 2257 1317 2337 quia
1332 2258 1430 2321 lassus
1445 2262 1515 2321 erat

452 2348 480 2405 3.
498 2343 632 2407 Turbata
647 2343 759 2407 mulier
773 2344 923 2407 dubitavit
938 2345 1013 2424 quid
1030 2346 1148 2409 faceret
1171 2345 1269 2419 Quod
1284 2346 1393 2409 videns
1409 2350 1516 2409 mater:

451 2432 498 2494 Ne
514 2432 646 2510 festines,
663 2432 771 2513 inquit,
787 2433 858 2512 filia,
871 2434 983 2497 lectum
996 2452 1184 2515 praeparare,
1196 2434 1298 2498 donec
1309 2438 1517 2499 monstremus

451 2520 560 2603 marito
582 2525 637 2585 tuo
661 2521 788 2584 linteum
812 2522 899 2601 quod
922 2522 1060 2587 fecimus.
1089 2559 1115 2567 -
1147 2524 1184 2585 Et
1205 2524 1366 2587 extrahens
1389 2524 1517 2587 linteu‘m

396 2628 436 2674 1so
452 2610 552 2672 vetula
571 2614 720 2689 quantum
737 2612 836 2691 potuit
855 2630 953 2673 unum
970 2630 1066 2675 comu
1088 2612 1170 2675 illius
1184 2613 1313 2691 sustulit,
1337 2617 1367 2675 et
1387 2613 1515 2676 alterum

450 2699 531 2761 filiae
542 2716 615 2762 suae
627 2699 853 2763 sublevandum
866 2700 959 2764 dedit.
985 2700 1035 2765 Sic
1046 2701 1133 2781 quod
1145 2702 1239 2765 linteo
1251 2705 1376 2765 extenso
1389 2701 1518 2765 delusus

329 2804 332 2811 ·
450 2792 494 2850 est
506 2788 640 2866 maritus,
653 2806 817 2868 quousque
830 2790 883 2869 qui
896 2790 1022 2852 latuerat
1033 2790 1229 2869 egrederetur
1238 2791 1364 2854 amicus.
1381 2799 1412 2853 4.
1429 2791 1517 2854 Tunc

449 2876 490 2939 ait
504 2876 585 2939 tiliae
601 2895 687 2941 suae:
713 2878 847 2941 Extende
864 2878 990 2941 linteum
1007 2897 1101 2959 super
1121 2879 1230 2942 lectum
1248 2880 1347 2942 mariti
1369 2880 1423 2958 tui,
1443 2880 1517 2959 quia

451 2965 594 3029 manibus
614 2966 675 3029 tuis
695 2970 725 3029 et
744 2967 821 3030 meis
841 2971 1016 3030 contextum
1037 2972 1091 3031 est
1115 3003 1141 3011 -
1166 2967 1227 3031 Cui
1244 2969 1384 3032 maritus:
1416 2970 1453 3031 Et
1474 2973 1516 3047 tu,

396 3072 437 3119 155
452 3053 587 3133 domina,
610 3055 670 3119 scis
684 3056 743 3119 tale
759 3056 885 3119 linteum
903 3057 1103 3137 praeparare?
1122 3092 1148 3100 -
1167 3058 1202 3120 Et
1217 3057 1280 3120 illa:
1305 3057 1405 3136 Ofili,
1422 3058 1517 3120 multa

450 3144 629 3224 hujusmodi
653 3146 839 3226 praeparavi.
863 3180 908 3191 ·-

876 3288 939 3351 Xll.
989 3296 1083 3352 1-4.

542 3421 568 3475 t.
593 3412 730 3481 Relatum
755 3417 806 3491 est,
831 3412 938 3491 inquit,
963 3412 1048 3489 mihi,
1071 3412 1158 3491 quod
1174 3412 1300 3491 quidam
1317 3411 1517 3492 proficiscens

449 3500 603 3563 commisit
633 3501 797 3581 conjugem
829 3520 917 3564 suam
947 3500 1050 3564 socrui
1079 3518 1153 3564 suae
1182 3501 1375 3565 servandam.
1428 3502 1518 3566 Uxor

448 3592 549 3650 autem
582 3589 659 3652 clam
689 3590 832 3669 iuvenem
864 3589 1020 3669 quendam
1050 3590 1171 3668 amavit,
1205 3590 1292 3670 quod
1326 3607 1401 3653 suae
1428 3590 1516 3652 matri

395 3692 435 3739 rso
451 3676 591 3756 protinus
621 3676 772 3742 indicavit.
827 3678 880 3741 llla
912 3696 987 3742 vero
1020 3678 1119 3741 amori
1149 3680 1315 3756 consensit,
1349 3682 1517 3759 paratoque

449 3764 593 3828 convivio
616 3766 721 3830 ascivit
741 3766 894 3847 juvenem.
942 3775 972 3829 2.
1002 3767 1128 3841 Quibus
1150 3767 1346 3849 epulantibus
1368 3767 1517 3831 dominus

449 3853 575 3917 veniens
596 3855 720 3935 januam
744 3855 882 3937 pulsavit
929 3854 1066 3919 Surrexit
1092 3856 1194 3936 itaque
1216 3874 1308 3934 uxor,
1342 3860 1372 3919 et
1401 3855 1519 3920 dimisit

450 3942 590 4006 maritum
623 3944 743 4008 intrare.
790 3944 850 4009 Sed
883 3948 979 4007 mater
1007 3962 1078 4007 cum
1101 3945 1218 4009 amasio
1241 3946 1322 4008 tiliae
1345 3962 1516 4024 remanens,

450 4032 535 4112 quod
559 4033 646 4097 locus
666 4034 720 4097 ubi
736 4052 806 4098 eum
823 4032 1025 4097 absconderet
1040 4051 1104 4096 non
1120 4038 1190 4116 erat,
1214 4034 1289 4113 quid
1305 4034 1416 4098 taceret
1431 4034 1517 4114 prius

397 4141 437 4188 195
452 4123 608 4188 dubitavit.
644 4122 704 4187 Sed
728 4124 803 4186 dum
820 4122 884 4185 filia
899 4139 958 4184 suo
973 4121 1086 4184 ostium
1102 4123 1232 4202 aperiret
1248 4122 1365 4199 marito,
1388 4122 1516 4202 arripuit

450 4214 550 4277 vetula
569 4212 688 4276 nudum
707 4211 844 4290 gladium
865 4214 894 4273 et
909 4208 1063 4273 commisit
1081 4210 1206 4287 amasio,
1225 4210 1375 4289 jussitque
1395 4214 1429 4273 ut
1446 4215 1517 4274 ante
