3584 4884
784 438 980 498 -5-

737 608 1022 679 imita

699 738 753 801 De
780 756 876 818 equo
905 739 1062 819 perditn

663 856 754 911 (Petu
765 857 829 902 latini
841 858 891 902 aevi
904 858 998 902 mutini
1012 859 1031 909 Ι,
1046 862 1102 909 ssi.)

491 967 587 1047 Saepe
608 968 660 1031 dat
681 970 839 1048 ingenium
861 969 949 1049 qnod
970 970 1020 1032 vis
1040 970 1181 1033 contem
1203 970 1342 1051 negabat

535 1056 674 1137 Compos
695 1063 725 1120 et
745 1063 808 1121 arte
829 1064 882 1135 es,
904 1059 960 1138 qui
981 1059 1101 1122 vinias
1122 1060 1227 1139 impos
1247 1064 1319 1122 erat

493 1146 635 1226 Ereptum
658 1146 739 1209 furto
760 1148 903 1211 mstrmrsi
925 1148 958 1210 in
980 1148 1105 1211 turbine
1126 1148 1263 1228 quidam,

535 1235 654 1315 Accipe,
676 1254 739 1315 qna
760 1237 847 1299 miles
868 1242 932 1299 arte
954 1238 1068 1318 recepit
1087 1256 1215 1317 equum

451 1341 468 1386 5
492 1323 599 1387 Orbus
620 1342 702 1403 equo
724 1324 767 1402 iit,
789 1344 883 1405 preco
904 1326 964 1389 ciet
984 1327 1043 1389 hac
1062 1327 1199 1407 compita
1218 1344 1308 1390 vooe:

535 1412 695 1493 ,Quisquis
713 1414 804 1477 babet
822 1420 971 1493 nostrum,
994 1414 1123 1479 reddere
1141 1420 1234 1479 certet
1246 1433 1373 1496 equum.

491 1500 545 1565 Sin
567 1502 648 1579 alias,
671 1506 751 1565 tanta
772 1503 878 1566 inciam
902 1505 1020 1568 ratione
1041 1510 1172 1583 eoadem

536 1590 632 1664 Quod
655 1596 758 1655 noster
780 1592 878 1661 Roma
900 1593 971 1655 tedt
991 1594 1025 1655 in
1046 1594 1126 1657 nrbe
1146 1596 1252 1675 pater.

492 1678 552 1748 Res
575 1684 678 1743 movet
699 1680 773 1743 haee
794 1699 913 1758 omnes,
941 1687 972 1745 et
993 1700 1111 1762 eqnnrn
1133 1683 1186 1745 tur
1205 1682 1278 1747 sivit
1298 1682 1392 1759 abire,

439 1788 468 1833 ιο
538 1769 622 1831 Dum
644 1787 700 1833 sna
721 1770 769 1832 vel
791 1771 901 1851 populi
923 1771 1037 1833 damna
1057 1772 1198 1852 pavenda
1218 1772 1313 1835 timet

493 1858 586 1921 Hunc
608 1858 701 1921 herus
722 1863 756 1921 ut
778 1860 896 1939 reperit,
923 1860 1038 1939 gaudet
1058 1861 1237 1941 potinrrqne
1263 1864 1392 1941 reperto,

537 1946 763 2027 Gratanmrqne
785 1948 839 2027 illi,
863 1948 935 2028 quis
956 1954 1057 2012 metus
1077 1954 1148 2012 ante
1169 1950 1238 2013 ruit

494 2035 568 2097 lnde
591 2041 707 2116 rogant,
729 2037 806 2117 quid
828 2055 913 2117 equo
935 2038 1033 2101 luerat
1052 2037 1189 2102 tacturus
1209 2038 1364 2118 adempto,

537 2125 591 2187 Vel
614 2126 690 2205 quid
712 2126 744 2188 in
767 2127 845 2189 urbe
866 2144 942 2189 suns
964 2128 1060 2206 egerit
1080 2132 1151 2191 ante
1172 2132 1268 2208 pater.

440 2233 469 2277 15
493 2212 597 2292 ,Sella¹,
619 2215 668 2293 ait,
689 2215 848 2295 ,adjunctis
870 2215 952 2279 collo
974 2216 1150 2281 revehendo
1172 2216 1285 2297 lupatis

539 2302 763 2383 Sarcinulisque
784 2304 851 2367 aliis
873 2304 937 2367 ibat
957 2310 1088 2368 onnsurs
1110 2306 1212 2387 inops

493 2391 546 2453 Nil
569 2392 654 2472 qnod
677 2398 794 2474 pungat
816 2394 942 2471 habens,
964 2394 1090 2457 calearia
1111 2395 1192 2457 mlee
1214 2397 1374 2475 reportans

539 2480 623 2544 Olim
646 2500 748 2562 eques,
771 2482 844 2545 inde
866 2482 946 2545 redit
965 2482 1006 2545 ad
1027 2500 1085 2545 sna
1105 2486 1182 2546 tecta
1203 2482 1307 2563 pedes

496 2570 589 2633 Hunc
610 2570 741 2634 imitatus
763 2589 823 2651 ego
845 2570 986 2635 fecissem
1007 2572 1078 2634 talia
1099 2572 1199 2649 tristis,

439 2677 472 2721 so
540 2659 580 2721 Ni
602 2660 680 2723 toret
702 2660 757 2723 iste
779 2660 864 2736 mihi,
887 2660 986 2738 crede,
1008 2664 1147 2741 repertus
1168 2662 1286 2739 equus.

664 2923 698 2991 5.
732 2922 901 3010 Adolplrns
924 2940 991 2993 vnn
1013 2922 1113 2994 illen.

713 3046 810 3101 (noym,
827 3045 930 3091 rrrsrona
942 3050 996 3088 zora
1009 3046 1048 3099 sp

907 3159 928 3221 l.

497 3278 619 3343 Coecus
642 3285 705 3343 erat
726 3281 861 3361 quidam,
885 3283 935 3345 cui
958 3282 1066 3363 pulcra
1087 3281 1204 3360 virago,
1227 3293 1386 3341 reservans

544 3370 631 3431 lianc
654 3388 733 3450 puro
756 3388 841 3451 pure,
865 3389 905 3433 ne
928 3371 991 3434 luat
1013 3370 1089 3432 haec
1110 3369 1193 3431 alias

499 3457 533 3519 ln
556 3458 648 3521 curtis
669 3458 759 3521 viridi
783 3459 918 3522 resident
939 3460 971 3521 hi
994 3458 1109 3538 cespite
1131 3454 1290 3536 quondam

545 3546 633 3610 lnce.
680 3546 757 3610 Petit
779 3548 897 3626 mulier,
921 3548 1019 3610 robur
1039 3546 1125 3608 adire
1148 3544 1226 3625 pyri.

458 3652 475 3699 5
499 3633 553 3697 Vir
574 3635 661 3713 lavet,
684 3636 869 3717 amplectens
891 3654 965 3700 mox
988 3636 1086 3697 robur
1108 3633 1225 3711 ubique
1249 3628 1378 3705 lacertis;

544 3723 646 3787 Arbor
668 3724 787 3787 adunca
809 3726 873 3803 tuit,
898 3743 960 3804 qua
983 3723 1069 3787 latuit
1090 3720 1221 3802 juvenis.

501 3812 698 3893 Amplexatur
720 3832 795 3891 eam,
819 3814 896 3877 dans
919 3814 1004 3877 basia
1025 3810 1144 3886 dulcia;
1167 3813 1277 3870 terram

547 3902 660 3982 incepit
681 3902 782 3965 colere
804 3920 929 3965 vomere
951 3919 1023 3965 cum
1047 3897 1184 3979 proprio.

501 3989 596 4051 Audit
617 3990 664 4053 vir
686 3990 843 4071 strepitum
850 4011 857 4068 ;
881 4008 951 4053 nam
976 3988 1086 4053 crebro
1109 3982 1240 4049 carentia
1263 3995 1371 4044 sensns

447 4096 477 4141 ιο
549 4078 658 4157 Unius,
682 4079 714 4141 in
738 4079 866 4157 reliquo,
890 4096 995 4155 nosco,
1018 4077 1123 4155 vigere
1145 4071 1230 4136 solet

503 4167 583 4243 ‚lleu
607 4166 716 4246 miser‘,
739 4168 860 4244 clamat;
884 4170 922 4243 ,te
945 4165 1036 4229 laedit
1057 4162 1177 4225 adulter
1199 4155 1331 4222 ibidem!
