3584 4884
861 458 1104 515 -116-

457 631 552 696 „Vide
591 631 700 708 modo,
739 629 1004 710 quemadmodum
1044 630 1100 692 hec
1132 629 1232 692 dulcis
1269 648 1350 709 aqua
1388 649 1444 710 per
1481 647 1518 693 os

453 720 536 784 canis
573 719 657 782 fetidi
696 720 860 783 obseruato
897 719 1001 782 colore
1039 719 1167 799 proprio
1204 737 1275 782 cum
1313 736 1424 798 sapore
1462 737 1519 782 nec

398 827 427 872 m
453 809 601 888 polluitur
646 826 701 872 nec
739 809 884 871 mutatur!
955 807 1134 885 Karissimc,
1176 808 1220 870 sic
1261 811 1291 870 et
1331 807 1424 870 missa
1462 826 1518 888 per

453 897 615 977 indignum
669 897 856 960 sacerdotem
915 896 1070 960 celebrata
1147 897 1183 958 Et
1230 896 1314 974 ideo,
1371 897 1516 976 quamuis

452 986 506 1049 tibi
541 985 697 1066 displiceat
724 986 784 1048 vita
821 985 926 1048 talium
966 985 1226 1066 presbyterorum,
1264 990 1365 1048 tamen
1404 985 1517 1048 deuote

454 1075 560 1138 missas
592 1075 687 1138 debes
720 1074 857 1138 audire.u
907 1073 976 1137 iliis
1006 1074 1094 1137 dictis
1124 1091 1217 1137 senex
1247 1074 1372 1137 euanuit
1401 1074 1441 1137 ab
1469 1093 1517 1139 eo.

454 1166 490 1227 Et
516 1163 602 1244 quod
630 1163 753 1241 viderat,
783 1163 850 1226 aliis
874 1163 1008 1225 narrauit
1024 1167 1071 1225 -et
1093 1167 1163 1243 post
1189 1163 1246 1226 bec
1273 1162 1384 1226 deuote
1408 1163 1517 1226 missas

398 1269 426 1315 ao
452 1251 579 1316 audiuit.

824 1481 901 1562 Cap.
929 1488 967 1545 13
993 1482 1053 1561 (BL
1080 1482 1148 1562 in).

559 1619 603 1677 De
620 1620 723 1691 regina,
742 1635 797 1691 que
815 1619 850 1675 de
868 1618 929 1674 tilio
947 1619 1074 1689 concepit
1090 1622 1118 1675 et
1136 1622 1245 1689 partum
1265 1619 1409 1691 iugulauit.

544 1783 681 1860 Quidam
705 1784 870 1865 imperator
891 1787 962 1860 erat,
995 1782 1048 1862 qui
1072 1783 1230 1863 pulchram
1254 1801 1379 1846 vxorem
1403 1784 1519 1861 habuit,

453 1893 546 1954 quam
577 1873 657 1939 miro
687 1872 783 1936 modo
813 1872 926 1935 dilexit.
973 1872 1041 1952 ipsa
1071 1873 1172 1953 primo
1203 1890 1287 1935 anno
1316 1873 1457 1952 concepit
1486 1877 1517 1936 et

453 1964 552 2026 lilium
588 1962 829 2044 pulcherrimum
865 1960 993 2041 peperit,
1032 1979 1124 2040 quem
1159 1961 1290 2023 multum
1325 1961 1442 2039 dilexit,
1482 1962 1515 2023 in

453 2057 569 2116 tantum
593 2051 679 2132 quod
695 2051 825 2130 singulis
841 2050 984 2114 noctibus
999 2049 1030 2111 in
1045 2068 1109 2113 vno
1132 2049 1209 2113 lecto
1233 2068 1303 2113 cum
1327 2069 1365 2112 eo
1389 2051 1514 2114 iacebat.

399 2156 426 2203 on
453 2141 535 2205 Cum
558 2145 658 2204 autem
683 2157 759 2221 puer
781 2143 841 2202 tres
863 2156 963 2202 annos
986 2138 1018 2200 in
1034 2142 1109 2201 etate
1127 2139 1351 2219 compleuisset,
1375 2144 1518 2203 mortuus

453 2233 497 2294 est
520 2230 692 2309 imperator.
722 2229 771 2292 De
792 2229 880 2291 cuius
900 2232 998 2291 morte
1013 2227 1109 2290 iactus
1124 2231 1169 2291 est
1184 2227 1275 2291 dolor
1298 2228 1517 2291 intollerabilis.

454 2317 570 2398 Regina
597 2317 700 2380 multis
730 2317 840 2380 diebus
870 2321 1000 2379 mortem
1031 2317 1097 2379 eius
1127 2317 1250 2397 planxit.
1300 2316 1382 2379 Cum
1413 2321 1515 2380 autem

452 2407 607 2486 sepulture
629 2406 736 2469 luisset
765 2405 899 2481 traditus,
931 2406 1036 2484 regina
1059 2424 1114 2485 per
1135 2423 1169 2468 se
1192 2405 1224 2468 in
1255 2405 1392 2485 quodam
1417 2410 1515 2469 castro

452 2495 525 2558 vixit
542 2495 720 2573 habensque
735 2512 839 2557 secum
855 2494 954 2555 lilium
977 2512 1079 2556 suum.
1127 2494 1260 2557 Puerum
1285 2494 1376 2557 istum
1399 2499 1516 2557 tanturn

400 2599 426 2645 ro
452 2584 563 2660 dilexit,
591 2583 677 2662 quod
700 2583 802 2646 abeo
825 2583 957 2663 separari
981 2601 1045 2645 non
1074 2587 1197 2664 poterat.
1243 2583 1347 2647 Ambo
1371 2585 1516 2650 continue

452 2673 544 2737 simul
568 2673 712 2748 iacebant,
735 2671 836 2735 donec
859 2690 936 2750 puer
951 2672 1045 2735 XVlll
1064 2690 1164 2735 annos
1187 2672 1218 2734 in
1242 2676 1318 2734 etate
1340 2673 1515 2753 compleuit.

453 2762 631 2842 Vidensquc
668 2761 820 2842 dyabolus
857 2778 994 2823 amorem
1032 2761 1207 2824 ordinatum
1239 2761 1317 2824 inter
1354 2761 1454 2832 lilium
1487 2766 1517 2824 et

454 2856 579 2915 matrem
603 2868 657 2914 eos
680 2849 719 2912 ad
748 2849 897 2912 nefarium
929 2867 1009 2929 opus
1031 2850 1199 2926 solicitauil,
1233 2850 1403 2913 intantum
1428 2850 1516 2929 quod

453 2941 536 3004 iilius
560 2940 715 3022 propriam
740 2943 865 3002 matrem
889 2939 1045 3017 cognouit
1084 2938 1201 3018 Regina
1223 2956 1297 3001 vero
1320 2939 1418 3002 statim
1442 2958 1516 3002 con-

401 3048 428 3094 rn
454 3031 539 3111 cepit
572 3029 654 3093 Cum
670 3047 744 3092 vero
760 3029 938 3109 inpregnata
952 3027 1066 3105 fuisset,
1090 3027 1173 3090 iilius
1188 3027 1254 3090 eius
1269 3032 1367 3091 totum
1384 3046 1516 3108 regnum

455 3139 508 3200 pre
531 3119 640 3182 dolore
666 3117 767 3180 amisit
788 3122 818 3180 et
843 3115 1027 3179 verecundia
1050 3113 1102 3198 (et)
1130 3117 1169 3179 ad
1200 3121 1299 3196 partes
1326 3117 1515 3196 longinquas

453 3209 584 3272 accessit
630 3208 735 3285 Mater,
758 3225 828 3270 cum
856 3211 978 3285 tempus
1007 3206 1145 3285 pariendi
1168 3205 1294 3282 adesset,
1322 3206 1422 3268 liliunr
1447 3206 1516 3286 pul-

454 3297 639 3361 cherrimum
663 3296 780 3376 peperit
806 3295 976 3373 vidensque
998 3293 1099 3356 tilium
1126 3295 1225 3357 statim
1256 3294 1342 3356 illum
1366 3295 1516 3374 iugvlauit

453 3386 597 3449 scindens
620 3390 724 3465 gutlur
746 3385 812 3447 eius
835 3397 889 3464 per
913 3382 1058 3446 medium.
1101 3383 1232 3463 Sanguis
1255 3384 1385 3462 gutturis
1407 3383 1516 3446 cecidit

398 3491 426 3536 so
453 3475 484 3536 in
508 3474 609 3553 palma
630 3473 750 3536 sinistra
766 3491 876 3536 manus
891 3472 1003 3547 matris,
1027 3472 1158 3551 factique
1173 3476 1245 3535 sunt
1260 3477 1393 3552 quatuor
1408 3472 1514 3535 circuli

453 3562 576 3625 rotundi
608 3562 639 3624 in
671 3562 726 3625 ista
752 3561 863 3624 torma:
894 3568 1079 3628 ww.
1125 3562 1214 3625 Vnde
1244 3561 1311 3641 ipsa
1341 3561 1424 3623 nulla
1452 3565 1515 3623 arte

453 3655 569 3730 poterat
603 3650 734 3713 circulos
767 3650 807 3712 de
837 3669 931 3713 manu
960 3669 1016 3714 sua
1045 3651 1183 3713 euellere.
1231 3651 1267 3712 Et
1295 3655 1421 3730 propter
1453 3650 1516 3712 hoc

453 3739 542 3801 ducta
565 3738 748 3801 verecundia
773 3755 897 3818 semper
924 3740 954 3801 in
984 3740 1035 3801 illa
1062 3757 1155 3801 manu
1183 3740 1322 3802 utebatur
1345 3739 1513 3819 cyrotheca,

454 3844 492 3890 ne
515 3827 617 3890 circuli
649 3827 809 3906 sanguinei
839 3827 1024 3891 viderentur.
1072 3827 1188 3906 Regina
1218 3828 1273 3891 ista
1299 3827 1371 3890 satis
1401 3827 1515 3890 deuota

395 3935 427 3980 su
453 3920 522 3994 erat,
546 3920 575 3978 et
597 3934 666 3979 cum
690 3919 806 3978 tantum
829 3917 1093 3992 verecundaretur,
1125 3916 1211 3996 quod
1234 3936 1272 3979 ex
1295 3916 1423 3996 proprio
1446 3915 1514 3978 tilio

454 4006 593 4086 concepit
615 4010 643 4068 et
666 4005 825 4085 proprium
853 4005 953 4067 tilium
978 4004 1095 4082 occidit,
1127 4005 1212 4084 quod
1241 4005 1328 4068 nullo
1356 4005 1452 4068 modo
1475 4004 1515 4067 de
1610 4053 1614 4059 .

455 4097 514 4159 hoc
537 4095 674 4158 confiteri
697 4093 826 4170 volebat,
857 4097 1008 4156 ettamen
1032 4093 1119 4157 omni
1143 4093 1299 4173 quindena
1322 4093 1362 4156 de
1384 4093 1515 4174 peccatis

453 4185 517 4248 suis
540 4184 597 4246 luit
618 4184 766 4247 confessa.
800 4182 916 4262 Regina
932 4182 987 4244 ista
1010 4182 1089 4243 miro
1105 4180 1201 4243 modo
1217 4182 1367 4260 virginem
1386 4183 1513 4244 Mariam
