3584 4884
831 427 1075 482 -134-

420 615 481 678 que
511 597 640 660 totaliter
674 597 867 677 refrigeratus
902 597 1015 660 luisset.
1063 597 1147 659 Dum
1182 617 1256 660 vero
1291 598 1406 661 ibidem
1437 617 1489 661 ex·

420 690 589 766 spectasset,
621 686 704 748 venit
726 686 852 765 quidam
877 687 905 748 ei
936 705 991 767 per
1014 686 1119 749 omnia
1142 687 1250 749 similis
1274 688 1305 748 in
1329 688 1423 763 vultu,
1456 689 1487 749 in

422 776 481 854 (Βὶ.
507 776 589 853 641.)
614 780 701 854 gestu
729 779 759 838 et
786 774 885 837 induit
916 793 949 839 se
979 776 1166 852 vestimentis
1195 777 1268 853 suis,
1301 776 1487 838 dextrarium

421 864 487 926 eius
516 863 651 926 ascendit
681 867 710 926 et
739 863 777 926 ad
810 863 920 926 milites
950 865 1103 944 equitania
1153 864 1203 926 Ab
1234 865 1381 927 omnibus
1410 865 1490 928 sicut

367 972 408 1018 aaa
423 971 554 1032 persona
585 953 776 1032 imperatoris
799 957 843 1015 est
867 957 1013 1033 receptus,
1044 954 1117 1034 quia
1140 954 1255 1017 nullam
1280 954 1488 1033 suspicionem

423 1042 462 1103 de
485 1059 523 1104 eo
547 1042 706 1118 habebant,
740 1041 797 1104 nisi
822 1042 908 1120 quod
937 1042 1083 1110 dominus
1110 1060 1219 1104 eorum
1243 1046 1328 1118 esset,
1359 1042 1433 1121 quia
1456 1043 1487 1104 in

421 1131 568 1193 omnibus
591 1131 618 1192 ei
641 1130 750 1193 similis
766 1134 834 1193 erat.
868 1131 1039 1209 ludebant;
1063 1131 1152 1193 linito
1176 1131 1251 1193 ludo
1274 1131 1313 1193 ad
1337 1131 1488 1210 palacium

421 1237 491 1282 cum
528 1219 676 1282 militibus
711 1221 870 1298 equitabat.
923 1220 997 1283 Post
1031 1221 1088 1282 bec
1118 1219 1297 1282 louinianus
1333 1220 1371 1282 de
1408 1238 1489 1298 aqua

422 1308 522 1385 exiuit,
547 1312 644 1371 vestes
668 1327 724 1370 nec
739 1327 852 1388 eqvum
870 1309 995 1371 inuenit
1034 1307 1273 1385 Ammirabatur;
1297 1309 1490 1371 contristatus

367 1403 468 1462 mest
497 1397 593 1474 valde,
624 1397 697 1476 quia
727 1398 829 1462 nudus
860 1403 924 1460 erat
952 1402 981 1460 et
1011 1399 1166 1460 neminem
1197 1397 1280 1459 vidit
1326 1396 1491 1476 Cogitabat

423 1486 500 1548 iutra
523 1503 568 1548 se:
595 1523 608 1550 l
615 1485 701 1559 Quid
717 1487 824 1548 faciam
842 1488 923 1566 ego?
956 1487 1170 1549 Miserabiliter
1184 1503 1253 1548 sum
1271 1486 1486 1549 ministratus.l

423 1574 560 1637 Tandem
584 1573 623 1636 ad
646 1593 680 1637 se
703 1593 844 1638 reuersus
868 1576 1001 1638 dicebat:
1040 1576 1120 1639 „llic
1150 1593 1248 1654 prope
1278 1579 1379 1637 manet
1409 1592 1490 1637 vnus

424 1663 523 1740 miles,
555 1681 647 1742 quem
679 1663 718 1725 ad
749 1664 892 1727 miliciam
925 1664 1079 1744 promoui.
1126 1664 1255 1742 Pergam
1287 1664 1324 1725 ad
1357 1681 1427 1725 eum
1461 1668 1491 1726 et

423 1752 601 1816 vestimenta
636 1752 758 1815 habebo
793 1757 822 1815 et
856 1772 969 1832 equum
1000 1758 1030 1815 et
1059 1753 1103 1816 sic
1133 1752 1172 1815 ad
1203 1753 1353 1832 palacium
1384 1770 1488 1814 meum

369 1859 410 1906 aas
425 1841 586 1904 ascendam
617 1845 646 1904 et
675 1840 796 1918 videb0,
836 1843 999 1922 quomodo
1030 1846 1059 1903 et
1090 1859 1145 1920 per
1178 1859 1271 1920 quem
1303 1841 1399 1903 taliter
1430 1842 1489 1903 sim

425 1931 600 1993 contusus.¹‘
661 1931 838 1994 louinianus
872 1932 1001 1993 totaliter
1035 1931 1138 1993 nudus
1172 1931 1258 1993 solus
1288 1929 1327 1992 ad
1358 1934 1489 1992 castrum

425 2019 528 2081 militis
544 2020 686 2098 perrexit;
709 2019 748 2081 ad
765 2020 887 2084 ianuam
904 2020 1044 2100 pulsauit.
1074 2019 1185 2082 lanitor
1200 2037 1322 2082 causam
1340 2019 1490 2098 pulsacio

425 2109 473 2170 nis
503 2109 643 2186 quesiuit
689 2108 728 2170 nr
751 2108 812 2171 illc:
848 2111 992 2174 „ianuam
1020 2109 1103 2188 aperi
1134 2112 1164 2170 et
1190 2108 1269 2185 vide,
1300 2107 1400 2186 qualis
1430 2107 1489 2169 sim

424 2198 521 2275 ego!“
564 2197 616 2259 llle
639 2197 760 2259 ianuam
785 2199 910 2278 aperuit,
935 2202 1049 2260 etcum
1066 2196 1191 2260 vidisset
1206 2215 1286 2272 eum,
1310 2197 1362 2258 ait:
1390 2195 1491 2269 „Quis

371 2304 411 2350 roo
426 2303 459 2347 es
486 2287 540 2348 tu?
588 2287 623 2347 Et
647 2286 709 2348 ille:
744 2288 830 2365 „Ego
861 2305 930 2348 sum
963 2286 1141 2349 louinianus
1170 2287 1343 2366 imperator.
1389 2285 1491 2347 Vadas

424 2374 463 2436 ad
487 2374 650 2436 dominum
675 2378 761 2436 tuum
786 2379 815 2437 et
838 2374 888 2438 dic
911 2376 947 2452 ei,
978 2379 1010 2437 vt
1033 2375 1124 2437 michi
1155 2379 1253 2437 vestes
1283 2374 1386 2451 mittat,
1417 2374 1491 2454 quia

424 2481 441 2524 a
475 2481 545 2525 casu
581 2467 678 2525 vestes
713 2467 741 2526 et
776 2483 887 2542 eqvum
924 2463 1080 2544 perdidit¹¹
1129 2463 1193 2537 Qui
1227 2464 1280 2525 ait:
1323 2463 1489 2538 „Mentiris

425 2551 556 2631 pessime
580 2551 710 2614 ribalde!
759 2552 871 2614 Parum
900 2558 969 2615 ante
992 2558 1020 2616 te
1043 2553 1191 2615 dominus
1216 2570 1302 2614 meus
1326 2552 1492 2631 imperator

426 2640 604 2703 louinianus
631 2640 670 2702 ad
699 2641 848 2720 palacium
880 2660 971 2704 suurn
996 2661 1066 2704 cum
1098 2642 1246 2704 militibus
1277 2641 1431 2720 equitanit,
1462 2645 1491 2702 et

372 2746 411 2792 ros
426 2729 573 2792 dominus
604 2747 692 2792 meus
721 2748 824 2792 secum
849 2731 996 2810 equitauit
1023 2735 1052 2793 et
1079 2731 1167 2792 rediit
1190 2734 1219 2792 et
1246 2729 1360 2791 iamin
1385 2747 1492 2791 mensa

425 2818 517 2881 sedet.
563 2817 623 2882 Sed
659 2819 730 2898 quia
766 2819 979 2900 imperatorem
1012 2823 1041 2881 te
1076 2819 1226 2894 nominas,
1259 2818 1388 2880 domino
1419 2836 1490 2880 meo

425 2907 649 2971 denunciabol
699 2908 810 2971 lanitor
841 2909 964 2970 intrauit
993 2912 1022 2970 et
1051 2907 1182 2970 domino
1212 2925 1270 2969 suo
1301 2907 1394 2969 verba
1424 2907 1491 2968 eius

424 2997 629 3059 annunciauit.
677 2997 728 3060 llle
758 2997 815 3060 hec
844 2997 973 3058 audiens
1004 2996 1144 3076 precepit,
1177 3000 1210 3056 ut
1240 2995 1490 3057 introduceretur.

427 3087 461 3147 Et
484 3086 527 3148 sic
549 3086 660 3148 lactum
684 3090 736 3149 est.
761 3086 850 3148 Miles
866 3105 936 3148 cum
953 3104 1024 3148 eum
1040 3085 1172 3160 vidisset,
1197 3085 1228 3145 in
1245 3083 1331 3146 nullo
1347 3084 1490 3146 noticiam

372 3175 492 3238 nucius
516 3175 659 3252 habebat;
684 3175 738 3237 sed
762 3175 927 3255 imperator
950 3192 1021 3236 eum
1046 3174 1217 3254 peroptime
1239 3172 1394 3251 cognouit.
1440 3172 1492 3234 Ait

426 3264 452 3325 ei
470 3264 569 3326 miles:
597 3265 676 3328 „Dic
692 3264 792 3340 michi,
816 3264 887 3342 quis
911 3281 944 3326 es
966 3268 1007 3340 tu,
1031 3267 1060 3325 et
1082 3263 1168 3342 quod
1191 3262 1305 3324 esttibi
1330 3262 1487 3324 nomen?¹⁴

425 3352 464 3413 At
488 3353 549 3414 ille:
582 3354 768 3432 „Imperator
790 3370 859 3415 sum
884 3357 913 3414 et
936 3352 1115 3414 louinianus
1138 3352 1225 3414 dicor
1247 3355 1277 3413 et
1298 3355 1327 3412 te
1349 3350 1388 3412 ad
1412 3350 1492 3411 mili-

426 3441 503 3502 ciam
521 3441 665 3520 promoui
689 3442 738 3503 tali
755 3441 805 3502 die
829 3445 857 3503 et
879 3441 930 3502 tali
950 3446 1116 3520 temporem
1154 3440 1192 3503 At
1212 3440 1274 3502 ille:
1302 3439 1352 3504 »Ο
1374 3439 1492 3516 ribalde

427 3529 566 3607 pessime,
590 3547 650 3608 qua
673 3529 798 3592 audacia
814 3529 909 3592 audes
924 3534 953 3592 te
969 3530 1071 3609 ipsum
1088 3530 1291 3609 inperatorem
1309 3528 1491 3591 nominare?

373 3633 412 3679 715
429 3618 489 3679 lam
514 3618 661 3680 dominus
685 3637 779 3696 meus,
804 3618 970 3698 imperator
993 3619 1179 3695 louinianus,
1202 3622 1271 3680 ante
1294 3621 1322 3680 te
1344 3615 1383 3679 ad
1408 3616 1489 3696 pala-

426 3706 507 3767 cium
539 3724 609 3768 cum
642 3707 788 3769 militibus
818 3708 972 3786 equitauit,
1003 3712 1032 3769 et
1061 3724 1120 3786 ego
1151 3725 1206 3786 per
1236 3707 1318 3767 uiam
1349 3723 1431 3768 eram
1463 3706 1491 3767 ei

425 3794 591 3857 associatus
614 3800 642 3856 et
671 3813 740 3857 sum
769 3813 920 3858 reuersus.
967 3795 998 3859 O
1026 3794 1152 3876 rybalde
1184 3795 1328 3874 pessime!
1375 3794 1491 3856 Verum

427 3887 478 3960 est,
509 3883 595 3962 quod
623 3884 673 3945 tali
697 3884 747 3946 die
771 3889 800 3946 et
822 3885 899 3946 hora
921 3885 1017 3947 tactus
1040 3903 1109 3947 sum
1138 3884 1225 3945 miles
1248 3901 1304 3962 per
1326 3882 1490 3945 dominum

428 3991 531 4034 meum
571 3973 794 4052 imperatorem.
863 3973 947 4046 Quia
984 3974 1022 4035 ad
1066 3977 1177 4035 tantam
1222 3972 1491 4052 presumpcionem

374 4079 413 4124 rao
429 4061 587 4139 deuenisti,
611 4067 645 4125 ut
666 4067 695 4124 te
718 4063 819 4143 ipsum
838 4062 1052 4142 imperatorem
1076 4061 1259 4137 nominares,
1284 4061 1411 4140 impune
1427 4078 1491 4122 non

427 4150 598 4213 transibis¹¹
646 4153 681 4213 Et
704 4153 801 4214 statim
826 4151 895 4212 lecit
919 4169 989 4212 eum
1013 4150 1136 4228 egregie
1158 4150 1311 4211 verberari
1336 4153 1364 4211 et
1387 4153 1493 4228 postea
