3584 4884
832 384 1056 439 ..40-

411 554 575 617 veniebant
596 554 640 617 ibi
663 556 812 631 volucres,
843 553 1054 617 modulamine
1077 572 1188 617 vocum
1212 557 1317 617 cantus
1338 554 1482 618 diversos

410 648 592 707 exercentes
639 642 784 717 Quadam
813 642 879 721 die,
905 643 982 705 dum
1013 642 1096 705 idem
1123 642 1171 705 vir
1197 642 1228 705 in
1251 660 1310 707 suo
1337 643 1482 722 fatigatus

356 750 398 797 mu
412 732 581 813 quiesceret
607 731 757 813 pomerio,
787 732 939 812 quaedam
969 731 1088 794 avicula
1116 750 1210 811 super
1238 732 1380 795 arborem
1408 750 1481 795 can-

411 822 506 884 tando
539 820 757 885 delectabiliter
788 821 936 885 consedit
987 828 1016 883 2.
1046 820 1150 895 Quam
1186 824 1219 883 ut
1247 820 1324 883 vidit
1352 825 1382 883 et
1412 821 1482 900 eius

411 914 533 973 cantum
562 910 692 987 audivit,
721 909 879 990 deceptam
910 910 1021 988 laqueo
1048 910 1165 972 sumsit
1209 908 1259 971 nd
1291 926 1384 989 quem
1414 910 1482 973 avis

410 1000 464 1061 ait:
494 998 562 1062 Cur
588 1003 705 1061 tantum
729 999 871 1062 laborasti
895 1003 930 1061 ut
952 1016 1002 1061 me
1024 999 1169 1078 caperes?
1215 998 1270 1061 Vel
1301 998 1377 1078 quid
1408 1016 1482 1079 pro-

411 1088 506 1151 iicum
541 1088 573 1150 in
608 1106 677 1151 mea
709 1088 849 1168 captione
882 1087 1040 1167 speravisti
1078 1086 1211 1151 habere?
1255 1122 1282 1131 —
1321 1086 1370 1149 lld
1406 1088 1483 1150 haec

356 1176 523 1240 sichomo:
551 1176 643 1239 Solos
665 1181 772 1239 cantus
793 1181 865 1240 tuos
886 1176 994 1239 audire
1021 1176 1172 1239 desidero.
1203 1211 1230 1219 -
1264 1181 1293 1239 3.
1318 1174 1378 1239 Cui
1401 1176 1481 1239 avis:

412 1265 497 1327 Nihil
527 1265 583 1328 tibi
614 1265 747 1346 prodest,
777 1266 852 1345 quia
881 1269 995 1328 retenta
1019 1282 1075 1327 nec
1097 1282 1187 1345 prece
1209 1283 1266 1327 nec
1289 1265 1387 1345 pretio
1409 1283 1482 1327 can·

411 1354 492 1417 tabo.
523 1390 551 1397 -
582 1354 622 1416 At
643 1353 706 1416 ille:
734 1355 802 1417 Nisi
825 1354 1000 1429 cantaveris,
1030 1358 1059 1416 te
1082 1352 1252 1416 comedam.
1283 1389 1311 1397 -
1344 1354 1380 1416 Et
1401 1354 1480 1416 avis:

412 1442 586 1517 Quomodo
609 1442 774 1506 comedes?
819 1442 852 1507 Si
875 1442 1048 1506 comederis
1070 1447 1186 1505 coctam
1218 1442 1250 1504 in
1280 1460 1372 1522 aqua,
1403 1441 1478 1522 quid

411 1531 477 1594 avis
498 1531 610 1594 valebit
640 1536 701 1594 tarn
731 1533 847 1611 parva?
894 1532 930 1593 Et
961 1532 1051 1593 etiam
1074 1548 1146 1594 caro
1169 1530 1378 1611 erithispida,
1402 1532 1480 1594 etsi

357 1638 399 1685 su
413 1623 510 1683 assata
531 1638 585 1683 ero
609 1620 707 1684 multo
731 1620 834 1685 minor
855 1620 954 1683 tuero.
988 1619 1049 1684 Sed
1072 1619 1098 1682 si
1121 1619 1206 1683 abire
1229 1638 1279 1683 me
1295 1620 1479 1701 permiseris

413 1726 556 1788 magnam
580 1709 736 1771 utilitatem
760 1728 798 1773 ex
821 1728 872 1772 me
893 1708 1100 1788 consequeris.
1129 1744 1162 1753 -
1184 1717 1213 1770 4.
1229 1708 1268 1771 nt
1286 1708 1337 1771 ille
1352 1726 1479 1789 respon-

412 1798 468 1860 dit:
492 1798 597 1872 Quam
621 1798 800 1861 utilitatem?
832 1834 858 1842 --
889 1798 977 1861 Avis:
1002 1796 1174 1861 Ostendam
1197 1797 1252 1860 tibi
1276 1800 1337 1860 tres
1359 1797 1480 1878 sapien-

410 1887 469 1949 tiae
490 1887 649 1966 maneries,
673 1906 750 1968 quas
773 1887 899 1967 majoris
914 1886 1001 1967 pretii
1022 1886 1114 1949 iacies
1136 1904 1230 1965 quam
1253 1886 1345 1963 trium
1369 1886 1480 1949 vitulo

412 1994 481 2037 rum
508 1994 624 2040 earnes.
656 2012 683 2021 -
714 1977 754 2039 At
787 1977 837 2039 ille
870 1992 997 2039 securus
1032 1975 1192 2055 promissis
1225 1994 1313 2037 avem
1343 1974 1482 2055 permisit

358 2064 498 2133 emabire
520 2065 569 2128 cui
592 2066 670 2128 avis:
695 2066 803 2130 Unum
827 2070 873 2128 est
894 2065 934 2127 de
957 2063 1130 2145 promissis:
1162 2064 1214 2127 Ne
1244 2063 1373 2127 credas
1404 2082 1482 2127 om·

414 2152 533 2215 nibus
555 2154 774 2233 promissis
804 2155 865 2216 vel
895 2153 1028 2216 dictis,
1077 2152 1255 2215 Secundum
1279 2157 1336 2215 est:
1360 2152 1480 2226 Quod

412 2246 522 2303 tuum
546 2245 602 2303 est
624 2242 725 2305 habe
747 2260 925 2322 semper,
957 2242 990 2305 si
1014 2245 1139 2322 potes.
1185 2241 1321 2304 Tertium
1345 2246 1401 2304 est:
1425 2242 1482 2303 Ne

413 2329 554 2391 doleas
584 2329 630 2392 de
659 2330 834 2394 amissis.
867 2366 894 2374 -

505 2420 532 2480 5.
557 2419 628 2480 Hoc
649 2419 731 2481 dicto
754 2418 872 2482 avicula
893 2419 1037 2482 arborem
1060 2418 1203 2496 ascendit,
1235 2423 1264 2481 et
1286 2419 1482 2481 dulcicanore

359 2523 400 2571 666
415 2506 515 2569 dicere
538 2508 650 2587 coepit:
675 2507 858 2572 Benedictus
874 2508 969 2585 Deus,
994 2508 1047 2588 qui
1063 2512 1188 2570 tuorum
1204 2507 1301 2571 aciem
1318 2508 1480 2570 oculorum

414 2595 527 2669 clausit,
550 2600 580 2657 et
601 2597 779 2677 sapientiam
803 2597 857 2660 tibi
880 2596 1016 2674 abstulit,
1045 2596 1193 2677 quoniam
1216 2597 1243 2659 si
1266 2596 1480 2659 intestinorum

414 2684 508 2764 plicas
539 2702 679 2747 meorum
711 2686 921 2766 perquisisses,
952 2685 1045 2748 unius
1076 2686 1183 2748 unciae
1214 2686 1411 2767 hyacinthum
1435 2685 1481 2747 in-

414 2773 559 2836 venisses.
589 2808 621 2817 —
651 2775 736 2837 llaec
757 2774 888 2837 audiens
911 2774 962 2836 ille
984 2774 1086 2855 coepit
1107 2774 1183 2837 flere
1199 2778 1228 2837 et
1242 2774 1353 2854 palmis
1376 2778 1481 2854 pectus

414 2866 578 2942 percutere,
602 2864 750 2942 quoniam
774 2863 862 2926 dictis
885 2862 979 2926 iidem
1004 2864 1185 2943 praebuerat
1207 2863 1351 2925 aviculae.
1399 2868 1427 2925 6.
1443 2862 1482 2925 Αἰ

359 2969 400 3015 666
415 2951 479 3012 avis
486 2950 590 3013 aitilli:
603 2950 675 3015 Cito
682 2952 796 3015 oblitus
806 2951 1203 3031 essensus,quemdixitibi.
1220 2952 1333 3015 Nonne
1342 2951 1405 3013 dixi
1412 2952 1480 3014 tibi:

415 3039 462 3102 Ne
478 3039 538 3102 cito
561 3040 667 3104 credas
689 3040 838 3121 quicquid
855 3040 994 3103 dicetur?
1018 3040 1192 3114 Quomodo
1215 3040 1321 3119 credis,
1346 3040 1432 3119 quod
1449 3040 1480 3102 in

414 3147 464 3190 me
486 3129 525 3191 sit
540 3128 720 3209 hyacinthus
743 3130 796 3209 qui
820 3130 859 3192 sit
881 3129 1028 3210 ponderis
1051 3128 1144 3192 unius
1167 3129 1283 3205 unciae,
1307 3147 1404 3209 quum
1421 3145 1480 3209 ego

387 3220 475 3279 'tota
498 3235 561 3280 non
585 3218 644 3281 sim
667 3218 740 3281 tanti
765 3218 934 3299 ponderis?
981 3219 1017 3280 El
1040 3217 1103 3279 dixi
1134 3218 1203 3282 tibi:
1233 3218 1282 3280 Ne
1312 3217 1418 3280 doleas
1441 3217 1481 3280 de

414 3306 507 3369 rebus
529 3306 662 3384 amissis,
686 3325 781 3386 quare
796 3325 854 3387 pro
870 3307 1043 3387 hyacintho,
1060 3306 1113 3387 qui
1130 3306 1161 3368 in
1179 3324 1228 3371 me
1244 3310 1295 3385 est,
1312 3306 1421 3369 doles?
1446 3342 1472 3349 -

360 3410 401 3457 666
505 3394 632 3457 Talibus
662 3395 750 3458 dictis
779 3400 809 3458 et
832 3396 946 3459 rustico
969 3395 1080 3473 deriso,
1111 3396 1176 3458 avis
1199 3395 1231 3457 in
1255 3396 1393 3458 nemoris
1414 3396 1483 3458 avia

415 3481 576 3546 devolavit.

820 3609 927 3671 xxiv.
977 3617 1030 3669 1-
1042 3614 1070 3672 6.

507 3755 533 3808 t.
559 3746 682 3809 Dictum
706 3765 841 3828 namque
863 3748 921 3810 luit
943 3749 983 3811 de
1006 3753 1131 3827 aratore,
1163 3750 1250 3831 quod
1274 3750 1370 3813 boves
1400 3748 1481 3813 illius

416 3839 497 3897 recto
520 3835 638 3897 tramite
662 3836 779 3899 nollent
801 3836 952 3915 incedere,
976 3838 1092 3917 quibus
1108 3838 1201 3901 iratus
1217 3838 1305 3901 dixit:
1332 3838 1408 3919 Lupi
1424 3854 1481 3900 vos

415 3923 590 3986 comedant!
623 3960 650 3967 -
682 3924 779 3998 Quod
796 3925 889 4005 lupus
905 3926 1034 3989 audiens
1049 3927 1208 4006 acquievit
1255 3927 1363 4000 Quum
1379 3931 1480 3989 autem

360 4030 401 4075 uro
417 4011 483 4074 dies
512 4011 684 4091 declinaret,
717 4017 746 4075 et
774 4013 836 4092 iam
869 4014 999 4079 rusticus
1031 4015 1070 4077 de
1097 4019 1196 4078 aratro
1225 4015 1320 4079 boves
1343 4016 1480 4093 solveret,

415 4102 497 4163 venit
518 4100 556 4163 ad
581 4119 652 4163 eum
670 4103 762 4181 lupus
783 4101 900 4163 dicens:
927 4102 976 4165 Da
991 4103 1066 4165 mihi
1082 4105 1186 4181 boves,
1210 4121 1291 4183 quos
1306 4104 1481 4184 promisisti.
