3584 4884
828 411 1070 466 -102-

415 581 559 644 demersit
593 581 624 644 in
655 585 791 662 puteum,
826 585 856 644 et
884 599 954 644 ecce
984 581 1023 643 de
1053 581 1197 645 thesauro
1226 581 1308 661 regis
1335 581 1486 660 requiror.

415 671 503 734 Tunc
541 670 630 733 etiarn
669 669 801 733 lacrimis
839 670 936 747 talsis,
979 670 1077 733 immo
1116 670 1284 733 verissimis
1326 670 1486 750 pertusus:

416 761 580 840 Magnum,
618 759 666 837 ait,
706 776 726 822 o
761 777 822 836 rex,
861 759 1046 822 beneticium
1081 758 1287 838 solatiumque
1321 759 1488 839 prestiteris

362 866 402 912 rsa
417 849 540 927 misero,
578 848 604 911 si
639 866 689 911 me
717 847 758 910 ab
789 848 845 910 hec
878 848 947 926 vita,
985 865 1047 927 que
1081 847 1167 911 omni
1200 852 1361 926 tormento,
1399 847 1487 910 omni

417 941 514 1000 morte
553 936 646 999 michi
689 936 774 1016 gravi
788 932 891 1017 [152⁶]
904 955 942 999 or
982 937 1118 1015 videtur,
1164 937 1358 1000 subtraxeris.
1422 936 1488 1004 Rex

415 1029 516 1088 autem
555 1044 625 1088 cum
661 1025 804 1088 iuvenem
843 1025 959 1088 crebris
993 1024 1137 1105 pertundi
1173 1025 1307 1088 lacrimis
1339 1029 1487 1092 mortem-
1609 1032 1614 1039 '

415 1132 477 1194 que
526 1114 597 1178 loco
642 1114 782 1178 beneficii
829 1132 957 1194 querere
1002 1114 1127 1192 videret,
1172 1114 1354 1194 audiretque
1399 1113 1487 1194 quod

416 1221 487 1266 vere
526 1204 595 1283 ipso
638 1201 689 1266 die
723 1203 823 1266 lilium
854 1203 1052 1283 perdidisset,
1091 1204 1296 1282 hestemoque
1334 1203 1486 1283 pollicem,

363 1303 403 1356 rso
419 1292 578 1355 miseratus
617 1291 776 1355 hominem
819 1291 904 1355 abire
946 1292 1096 1372 permisit,
1142 1296 1265 1379 centum
1304 1292 1332 1354 ei
1370 1292 1487 1371 argenti

418 1398 534 1443 marcas
572 1398 629 1460 pro
667 1380 776 1444 solatio
811 1380 960 1444 tribuens.
1015 1381 1065 1445 Sic
1103 1381 1212 1444 iterum
1251 1399 1304 1442 rex
1342 1380 1488 1461 deceptus

417 1469 624 1532 consiliarium
663 1487 754 1532 suum
789 1469 863 1532 adiit
895 1470 990 1548 aiens,
1028 1470 1115 1549 quod
1147 1470 1178 1532 in
1209 1487 1324 1532 vanum
1359 1487 1487 1550 operam

418 1557 635 1638 insumpsissit.

506 1647 567 1711 Sed
591 1665 684 1710 senex
706 1647 746 1709 ad
770 1665 887 1726 regem:
913 1648 1031 1725 Unum,
1054 1647 1102 1724 ait,
1125 1646 1228 1710 adhuc
1242 1652 1381 1727 superest
1394 1665 1489 1726 agen-

364 1752 404 1799 rsn
419 1736 504 1814 dum,
525 1753 590 1816 quo
614 1735 672 1798 nisi
696 1735 794 1798 iurem
818 1736 1011 1816 superstitem
1031 1736 1140 1816 capias,
1165 1736 1224 1798 iam
1242 1736 1353 1798 trustra
1367 1735 1406 1797 ad
1430 1736 1489 1798 alia

417 1828 447 1888 te
481 1829 647 1889 convertes.
703 1824 788 1904 Elige
822 1825 877 1887 tibi
913 1825 1024 1888 milites
1057 1824 1243 1888 fortissimos
1276 1824 1487 1904 quadraginta,

418 1932 553 1994 quorum
587 1914 696 1994 viginti
732 1914 828 1994 nigris
862 1914 956 1976 armis
991 1913 1150 1993 nigrisque
1180 1914 1269 1994 equis
1300 1913 1488 1990 muniantur,

417 2002 530 2083 aliique
562 2003 669 2082 viginti
699 2003 777 2066 albis
812 2003 902 2082 equis
930 2003 1085 2082 armisque
1114 2002 1253 2066 eiusdem
1283 2002 1397 2065 coloris
1427 2003 1489 2065 sint

418 2091 532 2154 armati.
580 2092 711 2171 illisque
741 2091 869 2154 cadaver
898 2091 984 2170 ligno
1015 2091 1148 2172 pedibus
1179 2109 1365 2171 suspensum
1398 2095 1487 2154 nocte

364 2197 455 2242 nooac
485 2180 536 2243 die
566 2179 803 2243 custodiendum
835 2181 1020 2258 committas,
1051 2179 1159 2259 viginti
1189 2180 1269 2244 albis
1301 2180 1381 2257 hinc,
1416 2179 1490 2242 inde

418 2268 526 2348 viginti
565 2269 661 2347 nigris
699 2269 777 2332 circa
815 2269 917 2349 ipsum
956 2269 1114 2332 ordinatis
1181 2269 1233 2331 ttii
1269 2269 1421 2349 prolecto,
1461 2269 1487 2331 si

417 2357 579 2436 ¹vigilanter
593 2357 799 2434 custodierint,
823 2362 911 2419 tuum
927 2359 1047 2438 capient
1061 2358 1170 2434 turem,
1190 2358 1262 2437 quia
1278 2374 1341 2420 non
1359 2358 1489 2438 patietur

419 2446 484 2526 ipse
519 2444 634 2509 diutius
669 2445 802 2525 pendere
832 2446 960 2524 socium,
999 2447 1089 2509 etiam
1119 2447 1145 2509 si
1180 2447 1260 2524 sciat,
1292 2465 1325 2510 se
1356 2450 1486 2509 mortem

419 2535 561 2615 protinus
576 2534 760 2597 subiturum.
798 2534 861 2602 Rex
876 2540 988 2613 autem,
1011 2540 1104 2615 prout
1119 2535 1236 2597 dixerat
1250 2553 1352 2612 senex,
1376 2535 1488 2598 milites

365 2640 406 2686 aus
421 2623 518 2703 nigris
555 2623 695 2703 albisque
729 2624 865 2686 munitos
902 2625 996 2688 armis
1027 2625 1106 2687 circa
1139 2641 1325 2704 suspensum
1361 2624 1489 2686 cadaver

421 2713 581 2775 ordinavit.
626 2711 666 2774 nt
695 2730 769 2775 vero
804 2713 853 2774 tur
888 2713 939 2775 ille
972 2731 1064 2776 suum
1097 2714 1252 2794 patrisque
1283 2713 1489 2792 obprobrium

421 2801 499 2864 terre
516 2819 579 2864 non
595 2801 711 2879 volens,
736 2801 915 2881 malensque
930 2802 1025 2865 semel
1041 2802 1131 2880 mori,
1150 2801 1314 2881 quamdiu
1332 2801 1491 2864 infeliciter

420 2891 530 2966 vivere,
554 2890 733 2953 deliberavit
755 2890 786 2952 in
810 2891 924 2969 animo,
948 2891 1034 2970 quod
1050 2895 1103 2953 aut
1118 2895 1234 2971 patrem
1254 2890 1335 2970 turpi
1352 2890 1489 2954 ludibrio

422 2980 618 3058 subtraheret,
642 2984 694 3042 aut
717 2979 781 3060 ipse
805 2997 875 3042 cum
892 2997 930 3042 eo
946 2981 1057 3059 pariter
1073 2984 1252 3043 moreretur.
1286 2979 1397 3043 Subtili
1414 2997 1490 3059 ergo

367 3085 407 3131 aro
423 3069 548 3148 ingenio
571 3087 656 3131 arma
680 3069 785 3148 partita
808 3068 941 3146 fabricat,
965 3073 1027 3132 tota
1042 3069 1155 3132 scilicet
1169 3069 1209 3131 ab
1228 3086 1291 3131 una
1313 3072 1397 3148 parte
1412 3067 1489 3146 alba,

421 3162 450 3220 et
473 3158 560 3237 nigra
582 3158 621 3220 ab
644 3157 744 3236 altera,
775 3157 890 3237 quibus
912 3162 1046 3220 armatus
1069 3175 1185 3237 equum
1209 3157 1282 3220 hinc
1303 3157 1385 3234 albo,
1417 3157 1490 3219 inde

422 3246 512 3325 nigro
542 3264 645 3326 panno
677 3251 817 3327 opertum
848 3245 992 3310 ascendit.
1039 3245 1151 3326 Sicque
1182 3247 1300 3309 lucente
1330 3245 1404 3308 luna
1434 3264 1490 3326 per

422 3335 542 3398 medios
587 3335 692 3398 transit
737 3335 855 3412 milites,
902 3340 935 3397 ut
980 3336 1067 3415 nigra
1113 3353 1183 3415 pars
1226 3352 1385 3398 armorum
1423 3335 1490 3396 eius
1591 3369 1593 3373 <

423 3423 530 3502 viginti
569 3424 657 3486 albos
695 3423 854 3486 deluderet
895 3429 925 3486 et
964 3425 1032 3486 alba
1070 3442 1141 3504 pars
1179 3422 1331 3503 deciperet
1370 3423 1489 3502 nigroS,

368 3527 409 3574 aas
424 3515 625 3591 putarentque
657 3512 736 3592 nigri
768 3530 866 3575 unum
898 3531 964 3576 esse
994 3531 1031 3576 ex
1065 3513 1150 3590 albis,
1186 3517 1215 3574 et
1241 3513 1302 3575 albi
1330 3529 1428 3574 unum
1453 3530 1490 3573 ex

424 3599 520 3678 nigris
564 3600 639 3664 lore.
700 3600 751 3664 Sic
794 3619 869 3680 ergo
917 3601 1121 3682 pertransiens
1163 3601 1246 3664 venit
1291 3601 1330 3663 ad
1373 3605 1489 3681 patrem

423 3687 660 3768 depositumque
702 3708 720 3751 a
755 3689 841 3769 ligno
884 3691 1056 3770 asportavit.
1109 3689 1211 3769 [153²]
1260 3691 1350 3753 Facto
1387 3693 1490 3752 autern

424 3795 513 3840 mane
548 3777 657 3841 milites
687 3778 824 3840 videntes
859 3778 959 3842 turem
993 3779 1097 3841 furtim
1132 3779 1287 3842 sublatum
1322 3779 1381 3841 sibi
1417 3795 1490 3841 con-

423 3865 483 3928 tusi
515 3865 671 3929 redierunt
701 3867 739 3928 ad
772 3885 884 3946 regern,
920 3872 1083 3943 narrantes,
1116 3867 1279 3946 quomodo
1313 3885 1368 3929 eos
1403 3867 1491 3930 miles

369 3973 409 4018 ano
424 3955 501 4019 albis
532 3955 690 4036 nigrisque
720 3956 812 4018 armis
839 3956 966 4036 pertitus
995 3955 1170 4036 decepisset.
1218 3956 1393 4036 Desperans
1415 3973 1491 4035 ergo

424 4045 483 4108 iam
515 4063 568 4107 rex
598 4062 690 4124 posse
720 4046 890 4125 recuperari
920 4045 1037 4126 perdita
1066 4048 1096 4106 et
1124 4043 1224 4106 furem
1254 4048 1282 4106 et
1312 4045 1490 4107 thesaurum

424 4135 550 4198 cessavit
573 4151 709 4212 querere.
