3584 4884
851 500 1069 555 ..22-

453 688 494 733 aoo
511 670 595 733 Dum
620 670 788 733 commovit
811 670 973 750 pecuniam
1041 670 1073 732 in
1096 670 1196 734 clinus
1219 670 1430 735 hordeaceam.

509 760 560 823 list
582 758 707 838 vulgare
731 759 945 838 proverbium:
1013 758 1120 836 ,Quod
1143 777 1207 823 non
1235 760 1339 840 prosit
1363 778 1428 823 non
1452 766 1499 825 est

507 848 567 911 Ani
591 847 662 911 laesi
687 848 825 911 molestia
893 847 1063 928 presbitero
1086 848 1137 910 dat
1160 848 1280 928 gaudia.
1373 850 1520 929 [malum‘.

509 936 676 1017 Praepositi
700 955 756 1017 per
777 936 915 1000 studium
983 937 1149 1001 sacerdotis
1172 937 1245 1018 petit
1267 938 1407 1014 domum,

509 1024 707 1094 Ructatricem
732 1026 878 1106 pecuniae
946 1030 1056 1089 certam
1080 1044 1171 1089 mane
1193 1027 1358 1106 requirere.

453 1132 494 1178 aur
509 1115 692 1194 ,Jumentum
717 1118 841 1195 praesta,
865 1115 1028 1195 presbiter;
1096 1134 1133 1178 ex
1156 1133 1218 1178 una
1240 1120 1329 1179 noete
1352 1116 1492 1198 locuples

508 1203 649 1267 Manebis
672 1203 758 1267 omni
781 1208 921 1284 tempore
988 1222 1189 1268 nummorum
1217 1204 1430 1269 multitudine‘.

507 1291 638 1368 ,Dedam
662 1294 782 1371 equam,
806 1292 995 1373 praeposite‘,
1063 1291 1136 1357 dicit
1158 1293 1301 1356 sacerdos
1324 1293 1435 1375 lepide,

508 1382 729 1462 ,intempestive
753 1380 881 1445 reddere
924 1394 928 1403 “
949 1399 1060 1461 equam
1085 1400 1134 1444 me
1157 1382 1243 1462 cogis
1267 1382 1370 1447 hodie.

507 1469 645 1533 Aurorae
667 1470 822 1549 gallicinio
889 1470 1029 1533 exierunt
1051 1470 1090 1534 ab
1114 1474 1201 1534 utero

453 1577 494 1623 310
509 1559 590 1622 Male
613 1559 688 1622 cocti
712 1558 828 1622 denarii
898 1564 1032 1622 recentes
1055 1559 1235 1623 hordeacei.

509 1647 591 1711 Cum
616 1648 736 1727 magnis
759 1647 958 1728 potestatibus
1024 1666 1135 1728 equam
1159 1649 1244 1711 ducit
1270 1649 1476 1730 praepositus:

510 1737 594 1800 ldem
618 1740 719 1800 tamen
743 1736 828 1817 quod
852 1737 1002 1817 presbiter
1068 1741 1185 1817 praeter
1204 1738 1352 1800 minutam
1373 1738 1521 1819 possidet

506 1827 682 1906 Jumentum
707 1830 796 1889 nocte
818 1826 903 1889 tertia
970 1825 1069 1905 major
1090 1826 1203 1889 claudit
1225 1826 1323 1890 domo
1344 1845 1402 1890 sua

511 1915 698 1997 Reperturus
720 1915 858 1979 diluculo
925 1914 1012 1996 quod
1035 1914 1150 1978 terebat
1173 1915 1204 1977 in
1227 1916 1353 1995 angulo.

453 2022 494 2068 au
510 2004 655 2069 Comedit
677 2004 882 2067 hordeaceum
951 2022 1029 2084 equa
1052 2004 1227 2067 communis
1250 2005 1408 2084 pabulum,

508 2093 598 2169 Quae
620 2097 735 2157 stercus
759 2093 969 2157 foetorilerum
1038 2092 1123 2157 boris
1145 2093 1286 2174 concepit
1308 2094 1455 2157 noctium.
1486 2160 1490 2170 ,

659 2356 690 2423 7.
724 2356 769 2425 ne
793 2354 896 2426 ludeo
921 2355 952 2425 in
977 2355 1131 2425 latrinam
1156 2356 1261 2443 lapso.

707 2478 740 2534 (J.
755 2478 855 2531 Wemer.
871 2478 930 2523 Zvrei
945 2478 1120 2523 Handscbriiten
1134 2477 1157 2523 S.
1173 2478 1217 2533 13.)

509 2573 593 2636 Dum
617 2570 657 2636 de
680 2572 786 2635 latrina
809 2572 929 2653 lapsum
953 2572 1120 2635 Salomona
1142 2572 1231 2635 ruina

550 2662 769 2726 abstraherent
791 2661 921 2742 laqueis:
951 2662 1034 2739 ,Non
1057 2661 1186 2724 traharl‘
1220 2661 1320 2742 inquit
1341 2662 1394 2726 eis.

506 2750 647 2830 ,Sabbata
669 2752 769 2815 suntl‘
800 2750 918 2831 plaudit
941 2750 1084 2832 populus,
1107 2750 1248 2831 plausum
1272 2769 1376 2814 comes
1398 2752 1494 2817 audit

551 2840 646 2903 Audit
669 2844 697 2903 et
720 2840 785 2921 ipse
807 2840 901 2920 iubet,
924 2858 990 2903 cras
1013 2842 1047 2902 ut
1069 2839 1111 2903 ibi
1135 2838 1267 2902 recubet

470 2947 484 2994 s
507 2928 590 2994 Sicut
613 2930 644 2992 in
668 2946 762 2993 omne
785 2928 870 3009 quod
899 2932 944 2992 est
966 2946 1140 2991 mensuram
1164 2946 1280 3009 ponere
1304 2929 1437 3011 prodest

551 3017 601 3083 Sic
622 3018 689 3083 sine
713 3035 857 3082 mensura
879 3018 931 3080 vix
953 3018 1043 3080 stabit
1065 3017 1148 3097 regia
1171 3035 1251 3080 cura.

942 3280 975 3348 8.

783 3406 870 3461 llaupts
884 3403 1011 3449 lcitselrritt
1024 3373 1084 3458 vill,
1102 3409 1135 3447 21.

542 3516 679 3591 Quidam
704 3534 756 3579 rex
779 3516 899 3580 iuvenis
914 3534 985 3579 curn
1002 3516 1126 3579 haberet
1140 3516 1321 3580 excercitum
1338 3521 1366 3578 et
1382 3516 1519 3580 mullitu-

452 3605 557 3668 dinem
573 3604 745 3685 sapientum
765 3605 904 3686 dumque
920 3605 1082 3685 nequirent
1104 3604 1190 3687 quod
1208 3604 1371 3668 iuvenibus
1393 3622 1519 3687 compe-

451 3694 545 3772 tebat,
580 3692 769 3774 sapientibus
798 3694 955 3757 stultitiam
984 3712 1094 3758 eorum
1128 3694 1381 3774 reprimentibus,
1411 3712 1518 3773 agere,

452 3782 586 3845 inierunt
615 3781 788 3859 consilium,
823 3786 857 3844 ut
885 3782 1019 3862 quisque
1051 3801 1160 3846 eorum
1191 3786 1306 3862 patrem
1335 3780 1520 3847 interdiceret

415 3889 430 3936 5
452 3872 622 3953 proprium.
646 3870 755 3934 Actum
767 3874 820 3933 est
845 3871 937 3935 Unus
951 3871 1006 3934 sed
1023 3871 1156 3949 illorum,
1172 3888 1236 3933 non
1251 3869 1384 3933 tolerans
1399 3874 1517 3935 tantum

450 3959 608 4024 admittere
630 3958 737 4038 scelus,
766 3958 842 4021 dixit
865 3959 954 4022 uxori
977 3977 1063 4022 suae:
1090 3960 1125 4037 ,si
1153 3963 1268 4039 patrem
1296 3974 1400 4019 meum
1426 3959 1515 4041 [non]

451 4048 609 4127 interficio,
633 4066 672 4111 ne
691 4047 821 4112 consilio
844 4065 1006 4128 pereamus
1022 4046 1145 4128 prodito
1168 4064 1232 4110 non
1256 4044 1377 4109 modice
1393 4052 1517 4113 metuo.

452 4136 617 4202 Consensil
632 4154 712 4200 uxor
725 4136 769 4199 ad.
781 4136 963 4200 servandam
979 4135 1075 4198 soceri
1092 4136 1184 4198 vitam
1207 4139 1298 4213 atque
1320 4133 1466 4199 alendum
1484 4138 1515 4200 in

451 4244 509 4291 suo
521 4244 592 4289 euni
605 4225 727 4289 cellario
740 4225 848 4288 locant
867 4225 997 4304 imperat
1007 4240 1080 4286 sane
1091 4223 1157 4286 filio
1173 4226 1257 4303 pater
1268 4225 1301 4283 ut
1312 4221 1517 4302 interrogabis
