3584 4884
853 460 1069 517 ,24-

431 635 527 713 pater:
556 630 767 711 Philosophus
789 630 873 693 dicit:
903 631 952 693 Ne
980 630 1086 694 laudes
1112 630 1245 693 amicum
1268 633 1368 705 tuum,
1391 628 1492 691 donec

390 737 404 783 u
430 719 609 801 probaveris
636 737 718 783 eum.
766 720 833 799 Ego
860 719 987 799 quidem
1015 720 1101 800 prior
1128 723 1321 795 natussum,
1344 722 1374 780 et
1400 716 1492 780 unius

430 808 648 871 dimidietatem
664 808 715 871 vix
731 808 806 871 mihi
823 808 980 888 acquisivi.
1026 808 1074 871 Tu
1089 812 1190 871 autem
1207 812 1328 871 centurn
1344 806 1491 886 quoniam

428 897 623 978 acquisivisti,
646 896 759 975 filimi,
783 897 860 960 vade
876 898 970 977 igitur
984 897 1116 978 probare
1132 914 1249 975 omnes,
1273 900 1306 958 ut
1325 912 1492 975 cognoscas

428 986 541 1067 siquis
564 986 705 1050 omnium
728 986 783 1050 tibi
806 986 845 1049 sit
868 986 1020 1067 perfectus
1041 986 1166 1049 amicus
1191 1021 1218 1029 -
1243 984 1325 1047 Dicit
1346 984 1375 1046 ei
1395 982 1491 1046 filius:

429 1074 602 1149 Quomodo
618 1075 750 1156 probare
764 1075 925 1139 consulis?
949 1111 975 1119 -
1001 1075 1087 1137 Dixit
1106 1078 1202 1155 pater:
1227 1073 1339 1154 Accipe
1353 1072 1491 1149 vitulum,

376 1181 411 1233 ro,
430 1168 459 1227 et
473 1163 609 1227 interfice
624 1182 704 1242 eum,
721 1168 750 1227 et
765 1164 914 1227 frustatim
930 1164 1155 1228 comminutum
1168 1164 1199 1226 in
1215 1180 1303 1226 sacco
1316 1179 1438 1241 repone,
1454 1160 1493 1223 ita

429 1257 463 1316 ut
477 1270 583 1317 saccus
594 1253 765 1317 forinsecus
776 1253 929 1333 sanguine
940 1252 1069 1317 infectus
1083 1252 1136 1331 sit„
1149 1256 1179 1315 et
1193 1269 1290 1332 quum
1306 1250 1344 1313 ad
1360 1250 1492 1312 amicum

429 1342 557 1421 veneris,
580 1341 631 1405 dic
650 1342 691 1404 ei:
716 1342 894 1419 Hominem,
919 1360 987 1405 care
1010 1342 1053 1405 mi
1076 1341 1175 1419 frater,
1198 1341 1276 1404 forte
1299 1338 1442 1416 interfeci,
1465 1343 1494 1400 et

429 1430 543 1495 domus
566 1449 635 1493 mea
657 1430 782 1495 scrutari
804 1430 903 1493 debet
949 1430 1082 1511 Oportet
1101 1430 1194 1509 igitur
1211 1429 1313 1510 ipsum
1329 1427 1450 1509 sepeliri
1465 1431 1494 1489 et

429 1518 587 1583 abscondi.
635 1519 724 1599 Rogo
747 1524 776 1582 te
799 1523 832 1582 ut
855 1538 926 1582 eum
950 1523 1067 1583 secreto
1085 1518 1227 1599 sepelias,
1251 1535 1344 1581 nemo
1363 1516 1445 1579 enim
1465 1520 1494 1577 te

375 1625 402 1671 rs
428 1612 604 1689 suspectum
617 1608 749 1687 habebit,
765 1608 871 1688 sicque
883 1626 933 1671 me
944 1608 1060 1671 salvare
1072 1608 1194 1688 poteris.
1217 1643 1244 1650 —
1270 1612 1297 1670 9.
1315 1605 1410 1668 Filius
1425 1604 1495 1667 fecit

428 1698 507 1761 sicut
522 1701 605 1778 pater
621 1696 787 1778 imperavit
828 1696 951 1759 Primus
966 1696 1083 1760 amicus
1098 1696 1138 1759 ad
1153 1713 1247 1776 quern
1263 1695 1347 1758 venit
1361 1693 1438 1756 dixit
1452 1693 1493 1755 ei:

430 1787 487 1849 Fer
509 1790 608 1849 tecum
634 1790 789 1849 mortuum
814 1789 901 1848 tuum
924 1803 1018 1865 super
1041 1785 1156 1848 collum
1179 1789 1275 1861 tuum,
1299 1784 1377 1847 sicut
1398 1782 1493 1845 fecisti

429 1874 553 1953 malum,
570 1879 671 1956 patere
686 1874 930 1956 satisfactionem,
952 1874 983 1935 in
1000 1872 1130 1937 domum
1147 1891 1246 1935 meam
1263 1890 1327 1936 non
1344 1870 1492 1935 introibis

437 2000 463 2007 -
488 1964 596 2038 Quum
612 1968 713 2027 autem
730 1982 785 2045 per
799 1962 941 2043 singulos
956 1963 1072 2026 amicos
1087 1980 1162 2027 suos
1177 1962 1217 2024 ita
1232 1962 1357 2037 fecisset,
1381 1959 1491 2024 eodem

375 2068 402 2114 vo
429 2070 580 2133 responso
600 2070 709 2116 omnes
729 2052 757 2114 ei
778 2052 1012 2133 responderunt
1059 2051 1107 2113 Ad
1129 2055 1244 2132 patrem
1261 2050 1353 2130 igitur
1373 2048 1495 2111 rediens

429 2140 584 2203 nunciavit
606 2140 692 2220 quod
716 2141 833 2204 fecerat.
881 2140 1028 2220 Dixitque
1051 2145 1147 2221 pater:
1171 2139 1310 2219 Contigit
1331 2138 1386 2201 tibi
1407 2136 1494 2217 quod

428 2228 505 2291 dixit
519 2228 738 2309 philosophus:
765 2229 874 2294 „Multi
890 2234 962 2291 sunt
977 2229 1052 2291 dum
1066 2232 1266 2291 numerantur
1276 2227 1374 2305 amici,
1390 2225 1445 2289 sed
1461 2226 1492 2289 in

429 2317 603 2380 necessitate
619 2317 735 2397 pauci.u
783 2316 868 2380 Vade
883 2317 923 2379 ad
939 2316 1104 2379 dimidium
1124 2318 1258 2380 amicum
1279 2334 1383 2379 meum
1399 2332 1492 2395 quem

429 2404 537 2483 habeo,
561 2410 590 2467 et
612 2404 683 2468 vide
706 2406 772 2485 quit
802 2404 882 2467 dicat
909 2405 972 2468 tibi.
1004 2441 1031 2449 -
1067 2413 1116 2468 1ο.
1141 2406 1239 2484 Venit
1267 2409 1297 2467 et
1322 2405 1401 2468 sicut
1426 2403 1494 2466 aliis

375 2509 403 2555 ao
429 2493 545 2556 dixerat
567 2493 639 2557 huic
661 2494 709 2571 ait,
733 2492 787 2573 qui
812 2492 983 2574 respondit:
1009 2495 1088 2557 lntra
1111 2493 1254 2570 domum,
1279 2511 1343 2557 non
1366 2497 1412 2556 est
1434 2492 1495 2555 hoc

428 2585 577 2645 secretum
605 2582 692 2661 quod
720 2582 829 2645 vicinis
856 2582 967 2646 debeat
994 2583 1157 2663 propalari.
1194 2619 1221 2627 —
1255 2582 1372 2646 Emissa
1402 2581 1496 2661 igitur

429 2688 525 2733 uxore
547 2688 603 2733 sua
622 2689 693 2734 curn
714 2671 800 2733 omni
824 2671 938 2734 familia
961 2689 1017 2735 sua
1039 2672 1228 2752 sepulturam
1252 2671 1338 2735 fodit
1384 2669 1493 2744 Quum

427 2763 529 2821 autern
550 2759 655 2823 omnia
669 2759 786 2822 videret
805 2763 915 2840 parata,
939 2778 1003 2823 rem
1025 2765 1118 2841 prout
1132 2764 1196 2823 erat
1210 2759 1360 2836 disseruit,
1383 2758 1495 2838 gratias

427 2864 530 2927 agens.
567 2847 689 2910 Deinde
709 2848 784 2928 patri
801 2848 902 2910 retulit
916 2866 996 2928 quae
1012 2849 1130 2912 fecerat
1167 2849 1254 2912 Pater
1268 2866 1343 2912 vero
1358 2848 1411 2910 ait:
1429 2846 1493 2910 Pro

374 2950 402 2997 au
428 2936 478 2999 tali
494 2936 594 2999 amico
609 2936 815 3016 philosophus
830 2937 883 2999 ait:
915 2937 996 3002 „llic
1015 2941 1060 3001 est
1074 2956 1146 3000 vere
1160 2938 1277 3001 amicus
1292 2937 1346 3017 qui
1362 2941 1392 2999 te
1406 2935 1495 3015 adju-

426 3029 483 3103 vat,
507 3043 604 3105 quum
628 3024 765 3088 mundus
788 3025 842 3088 tibi
865 3025 998 3089 deficit.u

855 3169 902 3231 lll.
949 3176 1004 3231 2-
1018 3175 1067 3231 14.

517 3301 545 3355 2.
571 3293 708 3363 Relatum
730 3298 775 3356 est
795 3293 871 3355 milvi
892 3292 932 3356 de
947 3292 1073 3356 duobus
1089 3292 1339 3372 negotiatoribus,
1355 3309 1493 3371 quorum

428 3398 509 3444 unus
532 3386 594 3443 erat
617 3382 648 3443 in
673 3382 857 3462 Aegypto,
879 3382 955 3444 alter
978 3380 1151 3464 Baldach,
1174 3399 1270 3461 seque
1293 3381 1362 3445 solo
1385 3380 1494 3443 auditu

428 3474 647 3549 cognoverant,
671 3474 700 3531 et
722 3488 777 3549 per
799 3470 1024 3548 internuncios,
1047 3488 1129 3549 quos
1152 3488 1210 3550 pro
1232 3469 1291 3533 sibi
1316 3469 1495 3533 necessariis

373 3570 401 3617 uo
428 3557 593 3619 mittebant
641 3565 670 3621 3.
695 3557 833 3637 Contigit
855 3563 956 3621 autem
981 3559 1089 3639 utqui
1113 3564 1176 3622 erat
1196 3558 1329 3621 Baldach
1350 3558 1382 3621 in
1398 3576 1495 3637 nego·

428 3645 551 3709 tiatione
571 3645 627 3707 iret
646 3646 677 3707 in
698 3645 882 3726 Aegyptum.
923 3646 1127 3727 Aegyptiacus
1146 3647 1252 3711 audito
1273 3647 1340 3726 ejus
1359 3646 1493 3710 adventu

428 3733 559 3797 occurrit
578 3734 614 3810 ei,
636 3737 665 3796 et
678 3734 817 3821 'suscepit
836 3751 908 3796 eum
928 3735 1069 3814 gaudens
1089 3735 1120 3797 in
1141 3735 1271 3798 domurn
1292 3752 1389 3812 suam,
1412 3735 1494 3799 etin

428 3822 575 3886 omnibus
591 3823 617 3885 ei
634 3822 763 3899 servivit,
787 3822 865 3885 sicut
884 3840 954 3885 mos
976 3830 1021 3886 est
1042 3824 1222 3902 amicorum,
1247 3840 1302 3903 per
1325 3828 1395 3886 octo
1418 3823 1493 3901 dies,

429 3916 458 3974 et
473 3910 605 3975 ostendit
621 3911 648 3974 ei
664 3928 773 3974 omnes
789 3910 940 3973 manerias
955 3916 1061 3973 cantus
1077 3911 1241 3976 mulierum
1262 3928 1341 3990 quas
1363 3911 1495 3974 habebat

375 4015 402 4061 lo
429 4000 460 4063 in
484 3999 580 4064 domo
604 4018 667 4063 sua.
714 4008 744 4062 4.
770 3999 875 4062 finitis
897 4002 968 4061 octo
991 3998 1103 4061 diebus
1125 3999 1297 4062 infirmatus
1325 4003 1382 4077 est,
1406 4000 1493 4079 quod

429 4088 517 4152 valde
540 4090 671 4169 graviter
692 4088 840 4152 dominus
862 4086 903 4149 de
924 4087 1025 4149 amico
1047 4104 1106 4150 suo
1129 4087 1230 4151 ferens
1252 4087 1358 4151 ascivit
1383 4104 1493 4152 omnes

429 4178 566 4242 medicos
588 4178 789 4258 Aegyptiacos
809 4180 843 4239 ut
864 4175 997 4238 amicum
1019 4174 1170 4255 hospitem
1191 4175 1339 4238 viderent.
1379 4175 1492 4239 Medici
