3584 4884
726 441 968 498 -119-

304 611 439 674 nomine
463 611 582 690 Studer,
614 613 667 692 qui
691 631 817 674 vxorem
850 613 986 692 pulcram
1017 613 1139 693 accepit,
1170 613 1225 676 sed
1248 614 1378 678 stultam.

304 701 340 762 ln
367 701 459 763 cuius
474 701 571 763 domo
588 701 713 780 quidam
739 719 866 781 serpens
882 702 1035 764 habitabat
1051 702 1082 762 in
1099 702 1232 780 quadam
1249 720 1379 766 camera.

305 790 403 852 Miles
425 808 502 852 vero
516 794 725 852 torneamenta
743 793 773 852 et
788 791 951 854 hastiludia
973 790 1190 870 frequentabat
1214 790 1377 853 intantum

249 897 289 944 ran
306 879 398 958 quod
415 878 542 940 deuenit
564 879 603 941 ad
628 897 771 958 magnam
796 883 968 958 egestatem.
1003 878 1094 942 Vnde
1116 879 1203 941 fleuit
1225 897 1327 942 amare
1350 885 1379 942 et

305 968 399 1046 quasi
423 967 465 1029 de
495 968 563 1047 ipso
587 968 772 1048 desperatus.
819 968 953 1048 Serpens
976 968 1036 1046 (Bi.
1065 969 1148 1045 12ν.)
1172 985 1246 1031 vero
1269 967 1379 1030 videns

303 1057 377 1119 eius
400 1056 552 1132 dolorem,
577 1055 645 1118 data
667 1061 713 1118 est
735 1057 763 1118 ei
786 1076 804 1118 a
827 1057 887 1119 deo
910 1075 972 1119 vox
987 1061 1017 1118 et
1030 1057 1083 1119 ait:
1110 1056 1288 1123 „Curtlesi
1321 1057 1379 1119 Fac

303 1145 484 1208 secundum
509 1163 612 1207 meum
642 1145 805 1208 consilium
830 1150 858 1207 et
881 1149 952 1225 post
973 1145 1085 1207 iactum
1117 1163 1180 1208 non
1212 1145 1377 1226 penitebis!

306 1233 450 1313 Singulis
485 1233 595 1296 diebus
631 1234 723 1297 michi
754 1234 793 1296 de
826 1234 900 1297 lacte
931 1234 1091 1311 ministres
1123 1239 1152 1296 et
1182 1239 1211 1296 te
1241 1234 1375 1296 ditabo.u

251 1334 292 1378 no
308 1323 403 1386 Miles
419 1323 477 1385 hec
492 1322 621 1385 audiens
637 1323 663 1385 ei
680 1322 811 1385 fideliter
826 1324 886 1386 hoc
901 1322 1069 1403 adimplere
1086 1323 1234 1402 promisit.
1272 1322 1376 1386 Statim

307 1411 388 1472 inira
419 1416 542 1491 tempus
572 1411 667 1473 breue
696 1411 807 1474 ditatus
837 1417 882 1474 est
912 1412 1001 1473 valde
1035 1417 1064 1473 et
1094 1412 1225 1474 habebat
1258 1412 1377 1491 prolem

307 1501 548 1580 pulcherrimam
584 1504 613 1562 et
647 1501 858 1580 possessiones
892 1518 1028 1580 magnas.
1073 1500 1192 1562 Accidit
1224 1519 1285 1562 vna
1319 1501 1377 1576 die,

307 1589 396 1668 quod
421 1607 500 1652 vxor
522 1607 578 1652 sua
600 1590 627 1651 ei
650 1589 782 1652 dicebat:
810 1589 975 1667 „Domine
998 1593 1029 1650 vt
1048 1589 1150 1664 credo,
1174 1589 1229 1651 iste
1251 1607 1378 1669 serpens

309 1679 406 1740 multa
423 1679 507 1740 bona
522 1678 658 1758 possidet
670 1679 701 1740 in
714 1696 840 1755 camera,
857 1679 887 1740 in
905 1696 966 1757 qua
982 1678 1062 1740 iacet
1088 1677 1237 1756 Consulo,
1253 1682 1285 1740 vt
1299 1679 1378 1740 occi-

253 1777 294 1822 no
310 1767 408 1844 datur,
426 1771 456 1828 et
468 1767 550 1829 bona
565 1768 670 1829 omnia
686 1767 923 1846 optinebimus.u
951 1767 1004 1828 llle
1014 1784 1088 1828 vero
1099 1766 1138 1828 ad
1152 1766 1377 1829 instinctionem

310 1855 449 1918 mulieris
474 1855 617 1918 malleum
645 1857 791 1936 portabat,
823 1861 854 1918 vt
876 1860 1049 1936 serpentem
1073 1855 1231 1931 occideret,
1263 1856 1294 1916 in
1319 1874 1377 1917 vna

310 1949 459 2006 manuel
487 1944 532 2006 lac
560 1945 689 2007 habebat
721 1945 751 2006 in
781 1963 853 2008 uase
877 1946 909 2006 in
932 1945 1022 2006 altera
1047 1962 1150 2006 manu.
1197 1943 1278 2007 Cum
1303 1962 1377 2007 vero

308 2052 362 2096 vas
386 2034 471 2096 lactis
493 2051 619 2113 serpens
642 2033 765 2111 videret,
790 2039 872 2096 extra
895 2052 1045 2096 cameram
1070 2037 1160 2112 caput
1183 2033 1323 2110 extendit,
1347 2037 1378 2096 vt

311 2123 357 2185 lac
380 2123 529 2185 lamberet
559 2141 645 2185 more
675 2128 832 2185 consueto.
880 2124 970 2185 Miles
1000 2141 1074 2184 vero
1105 2123 1215 2201 grandi
1246 2122 1305 2184 ictu
1337 2121 1376 2183 ad

256 2222 297 2266 18⁰
313 2216 484 2291 serpentem
509 2211 668 2291 percussio
699 2211 753 2274 sed
784 2230 911 2292 serpens
940 2216 1031 2292 caput
1060 2211 1188 2288 retraxit,
1220 2215 1250 2272 et
1277 2211 1376 2272 mallei

312 2301 402 2362 ictum
428 2318 482 2362 vas
504 2300 644 2380 suscepit.
688 2299 793 2364 Statim
817 2319 887 2364 cum
911 2301 978 2362 talis
1001 2299 1141 2380 prodicio
1165 2300 1271 2362 fuisset
1293 2298 1376 2376 iacta,

312 2390 429 2468 prolem
455 2393 483 2451 et
514 2389 618 2451 omnia
648 2390 731 2452 bona
762 2390 850 2452 miles
879 2389 987 2452 amisit.
1033 2389 1133 2450 hirei
1158 2406 1247 2451 vxor:
1285 2388 1376 2452 „lieu

312 2479 413 2553 michi,
445 2478 560 2540 malum
592 2479 753 2540 consilium
784 2479 838 2541 tibi
871 2478 957 2540 dedi!
1004 2477 1065 2540 Sed
1094 2495 1188 2556 perge
1218 2477 1314 2540 modo
1338 2476 1376 2537 ad

311 2567 450 2630 toramen
486 2567 635 2646 serpentis
665 2572 694 2629 et
728 2567 855 2629 humilia
884 2571 914 2630 te
944 2567 1011 2643 sibi,
1050 2571 1079 2628 et
1105 2566 1184 2629 forte
1211 2565 1296 2627 dabit
1322 2565 1376 2626 tibi

258 2673 299 2720 rso
311 2656 445 2735 graciam
485 2656 589 2718 iterato
627 2657 709 2718 bona
749 2655 993 2736 recuperando!u
1043 2655 1180 2718 Perrexit
1213 2654 1300 2716 miles
1337 2653 1377 2715 ad

311 2762 463 2806 mineram
487 2745 635 2824 serpentis
662 2749 692 2808 et
718 2745 805 2808 fleuit
826 2763 936 2821 amare,
967 2749 1073 2824 petens
1096 2745 1237 2822 graciam,
1269 2748 1300 2805 vt
1323 2760 1378 2822 per

310 2852 391 2912 eum,
422 2833 499 2896 sicut
530 2833 623 2913 prius,
655 2833 694 2896 ad
725 2834 853 2896 diuicias
884 2835 922 2895 sit
952 2834 1111 2896 releuatus.
1157 2833 1208 2894 Ait
1237 2849 1376 2911 serpens:

313 2922 432 2986 „Modo
456 2922 556 3000 video,
580 2922 665 3001 quod
690 2923 799 2985 stultus
822 2923 871 2998 εἰς,
896 2922 1056 3001 quianon
1080 2926 1180 3002 potest
1202 2939 1276 2997 esse,
1300 2921 1376 2999 quin

310 3011 361 3072 ille
393 3011 469 3073 ictus
498 3029 628 3090 magnus
660 3012 768 3088 mallei,
801 3030 893 3090 quem
925 3030 978 3074 vas
1008 3011 1142 3090 suscepit
1173 3010 1242 3072 loco
1271 3009 1377 3090 capitis

256 3117 296 3162 rso
311 3100 381 3177 mei,
405 3099 522 3162 veniret
536 3100 575 3161 ad
592 3100 771 3162 memoriam
789 3119 904 3177 meam;
927 3104 957 3162 et
972 3101 1075 3177 eciam,
1099 3098 1262 3178 quomodo
1278 3097 1376 3160 occidi

310 3188 430 3268 prolem
455 3193 545 3266 tuam,
570 3193 741 3251 occurreret
763 3189 826 3264 tibi,
851 3193 879 3250 et
895 3207 1005 3251 omnes
1027 3189 1155 3251 diuicias
1178 3188 1233 3250 tibi
1256 3187 1376 3263 abstuli,

309 3277 407 3340 etsie
430 3277 513 3339 nulla
536 3295 595 3356 pax
610 3283 687 3340 stare
703 3282 814 3358 posset.
823 3293 835 3319 ‘¹
875 3277 927 3339 llle
949 3295 1023 3340 vero
1040 3277 1161 3340 recessit
1184 3277 1377 3340 contristatus

309 3371 339 3429 et
362 3384 485 3446 semper
507 3371 612 3445 postea
635 3367 665 3428 in
690 3371 820 3446 egestate
842 3365 926 3427 vixit.

669 3508 745 3588 cap.
772 3516 806 3572 31
839 3509 897 3586 (nt.
926 3509 1019 3587 r4v.).

710 3610 753 3666 De
771 3611 859 3666 tribus
877 3610 976 3666 anulis.

401 3721 490 3784 Miles
506 3722 631 3801 quidam
649 3726 717 3799 erat,
742 3722 795 3802 qui
819 3727 879 3784 tres
895 3722 978 3785 tilios
1001 3722 1115 3798 habuit,
1139 3721 1279 3800 quicum
1297 3721 1376 3784 mori

255 3829 294 3876 rm
309 3811 444 3888 deberet,
476 3811 682 3891 primogenito
706 3829 764 3874 suo
791 3811 876 3873 dedit
906 3811 1110 3887 hereditatem,
1140 3809 1279 3872 secundo
1309 3810 1375 3872 filio

307 3900 489 3962 thezaurum
513 3918 613 3976 suum,
643 3900 736 3963 tercio
760 3918 833 3963 vero
861 3900 928 3962 tilio
951 3900 1078 3962 anulum
1108 3900 1290 3979 preciosum,
1322 3899 1374 3977 qui

308 3988 381 4068 plus
419 3987 512 4050 valuit
550 4008 642 4068 quam
681 3989 812 4051 aliorum
852 3989 987 4052 duorum
1024 3989 1187 4068 possessio,
1241 3987 1376 4049 Duobus

308 4076 419 4156 primis
441 4076 526 4139 dedit
548 4078 658 4140 anulos
681 4077 762 4140 duos
786 4082 927 4140 nontam
944 4078 1108 4157 preciosos.
1148 4077 1268 4139 Omnes
1290 4074 1374 4136 anuli

307 4165 435 4227 fuerunt
464 4165 602 4228 eiusdem
635 4167 742 4244 forme,
777 4167 831 4228 sed
864 4185 927 4230 non
959 4165 1096 4228 eiusdem
1128 4164 1254 4226 virtutis.
1302 4163 1376 4224 Post
