3584 4884
844 460 1065 514 „32-

367 646 409 696 non
423 630 469 693 sit.
505 629 549 691 llli
573 647 647 692 vero
662 628 757 690 filiam
774 629 920 709 prepositi
936 627 1042 706 Rome,
1066 629 1225 708 pulchram
1249 628 1345 706 valde,
1360 628 1400 690 ad
1416 646 1489 691 eum

422 718 583 781 duxerunt.
630 717 733 791 Quam
757 735 828 780 cum
852 716 985 794 vidisset,
1008 717 1108 780 statim
1125 717 1156 778 in
1173 717 1289 780 occulis
1303 717 1368 780 suis
1383 721 1490 797 captus

422 812 474 872 est
522 808 594 869 Eam
618 806 819 886 desponsauit
840 823 877 869 ac
891 805 972 869 miro
988 805 1085 869 modo
1101 805 1215 868 dilexit
1260 805 1379 869 Accidit
1402 805 1488 885 quod

423 914 478 976 per
503 896 558 957 .lll.
583 895 641 974 (Βὶ.
668 894 778 972 154ν.)
802 912 903 958 annos
924 894 964 956 ad
988 895 1122 957 inuicem
1145 898 1292 957 steterunt
1321 899 1350 956 et
1372 894 1489 956 nullam

423 983 541 1065 prolem
566 983 678 1047 habere
702 987 875 1063 potuerunt
922 982 1005 1046 Cum
1029 1001 1103 1046 vero
1126 983 1264 1062 quodam
1288 983 1338 1045 die
1361 983 1490 1046 domina

368 1089 409 1137 oro
424 1090 514 1136 mane
548 1072 686 1149 surrexit,
720 1071 759 1134 ad
794 1071 951 1135 ecclesiam
987 1072 1125 1152 perrexit
1187 1071 1247 1134 Per
1280 1072 1362 1134 uiam
1401 1072 1489 1134 matri

423 1161 569 1225 obuiabat
591 1165 620 1224 et
641 1161 682 1223 ait
705 1161 744 1224 ei:
784 1159 834 1226 „O
866 1164 968 1237 mater,
1003 1160 1150 1224 dominus
1172 1160 1212 1222 sit
1232 1162 1368 1223 tecumru
1417 1160 1489 1234 Que

424 1249 595 1330 respondit:
622 1251 678 1315 „Et
700 1253 808 1326 tecum,
832 1248 1015 1312 bonafilia!
1064 1249 1124 1312 Dic
1147 1249 1248 1325 michi,
1272 1248 1434 1328 quomodo
1450 1248 1490 1311 de

424 1339 532 1401 marito
555 1343 609 1401 tuo
632 1338 686 1401 tibi
711 1338 841 1418 placetl¹
888 1337 1014 1399 Atilia:
1041 1337 1205 1402 „Pessime
1238 1338 1371 1400 Tantum
1395 1338 1489 1400 michi

423 1427 553 1508 placeret
582 1427 664 1489 iuxta
692 1431 834 1489 truncum
859 1427 963 1503 iacere,
987 1444 1080 1505 quam
1104 1427 1187 1489 iuxta
1209 1427 1351 1489 maritum
1375 1445 1489 1490 meum.

369 1533 410 1580 orn
425 1515 554 1578 Nullum
585 1515 733 1579 solacium
762 1515 922 1596 corporale
951 1515 991 1578 ab
1021 1533 1059 1578 eo
1091 1519 1199 1595 potero
1231 1515 1344 1578 habere
1366 1519 1395 1577 et
1418 1515 1489 1578 ideo

423 1605 518 1668 alium
541 1605 615 1668 volo
638 1603 793 1684 diligere.‘⁴
843 1603 915 1677 Que
937 1603 990 1666 ait:
1018 1603 1068 1668 „0
1092 1604 1270 1681 bonafilia,
1294 1623 1350 1684 per
1371 1608 1488 1666 tantum

423 1697 545 1774 tempus
568 1697 651 1774 pater
673 1697 744 1756 tuus
767 1697 796 1756 et
819 1710 878 1772 ego
902 1692 993 1754 simul
1017 1692 1134 1755 fuimus
1156 1695 1186 1756 et
1208 1710 1367 1772 nunquam
1384 1692 1490 1754 detali

424 1782 555 1845 fatuitate
580 1800 629 1844 me
652 1781 831 1845 intromisit
879 1781 919 1843 nt
942 1781 1005 1842 illa:
1032 1781 1083 1845 »Ο
1098 1785 1202 1858 mater,
1226 1799 1289 1844 non
1305 1785 1352 1844 est
1366 1781 1489 1857 mirum,

425 1871 497 1951 quia
525 1871 619 1934 ambo
650 1871 738 1933 eratis
761 1870 889 1933 iuuenes
913 1873 942 1932 et
964 1869 1094 1948 quilibet
1115 1870 1264 1933 solacium
1287 1871 1327 1932 ab
1349 1870 1411 1933 alio
1433 1888 1490 1950 op

370 1977 411 2024 neo
425 1960 547 2023 tinebat
582 1960 654 2023 Non
678 1960 722 2022 sic
744 1963 789 2022 est
804 1958 842 2021 de
858 1959 989 2022 domino
1013 1977 1092 2035 meo,
1116 1959 1170 2039 qui
1193 1963 1238 2022 est
1252 1976 1346 2022 senex
1361 1963 1391 2022 et
1405 1958 1490 2038 trigi-

425 2048 485 2111 dus
507 2067 543 2112 ac
565 2067 620 2129 per
643 2048 748 2112 omnia
770 2048 936 2128 impotens;
960 2052 989 2109 et
1012 2047 1082 2110 ideo
1107 2052 1224 2110 tantum
1249 2048 1331 2110 iuxta
1346 2051 1489 2110 truncum

425 2137 562 2213 iacerem,
592 2137 670 2200 sicut
693 2137 775 2199 iuxta
803 2137 898 2198 illum.
946 2137 982 2198 Et
1015 2136 1087 2199 ideo
1121 2155 1223 2200 amare
1256 2137 1350 2198 alium
1385 2136 1487 2200 volo·

424 2225 474 2288 Ait
497 2229 603 2287 mater:
630 2225 680 2290 „O
704 2225 774 2302 iilia,
798 2225 823 2288 si
846 2243 949 2287 amare
971 2224 1026 2302 vis,
1050 2224 1101 2288 dic
1123 2225 1224 2301 michi,
1247 2243 1341 2304 quem
1358 2225 1492 2287 intendis

425 2312 586 2392 diligerett
635 2313 674 2374 At
708 2313 770 2375 illa:
809 2312 927 2391 „Certe
963 2313 1174 2394 presbyterum
1210 2314 1296 2376 istius
1334 2314 1487 2377 civitatist

370 2419 411 2466 noo
426 2401 498 2475 Que
520 2401 571 2463 ait:
598 2401 649 2465 »Ο
672 2406 773 2464 sancta
797 2401 901 2480 Maria,
925 2421 979 2464 cur
994 2402 1227 2483 presbyterum?
1252 2403 1366 2465 Nonne
1381 2402 1492 2465 melius

424 2494 503 2553 esset
531 2494 561 2552 et
591 2491 694 2553 minus
723 2494 878 2570 peccatum
910 2491 1036 2554 militem
1067 2491 1115 2553 vel
1146 2491 1333 2571 armigerum
1362 2491 1492 2571 diligere

424 2595 517 2658 quam
543 2579 790 2660 presbyterumtt
816 2579 856 2640 At
878 2579 942 2641 illa:
969 2580 1071 2644 „Non
1118 2581 1154 2642 Et
1176 2580 1232 2643 hec
1254 2585 1300 2642 est
1322 2580 1412 2643 racio.
1458 2579 1491 2643 Si

425 2667 552 2730 militem
583 2667 630 2730 vel
661 2668 755 2730 alium
787 2667 957 2747 diligerem,
988 2668 1048 2731 cito
1072 2668 1111 2730 de
1135 2687 1185 2731 me
1207 2669 1337 2732 saciatus
1359 2673 1439 2732 esset
1463 2673 1493 2731 et

424 2761 497 2819 tunc
520 2775 570 2819 me
592 2756 744 2820 derideret
766 2775 801 2820 ac
824 2757 854 2818 in
879 2757 1084 2837 opprobrium
1109 2758 1241 2822 haberet
1287 2758 1360 2821 Non
1385 2757 1429 2820 sic
1451 2756 1492 2819 de

370 2863 411 2910 noo
427 2846 612 2926 presbytero,
644 2846 716 2925 quia
745 2849 894 2908 secretum
927 2864 1031 2908 meum
1055 2846 1190 2908 reuelare
1213 2864 1278 2910 non
1301 2846 1400 2924 audet,
1432 2846 1491 2910 nisi

426 2953 459 2998 se
482 2935 583 3015 ipsum
607 2934 809 2998 contunderet
831 2939 868 3012 et,
892 2934 1026 3014 quitquit
1041 2935 1132 2997 habet
1147 2939 1272 3014 partem,
1296 2935 1336 2997 de
1358 2953 1397 2998 eo
1413 2935 1491 3015 opti-

426 3024 516 3087 nebo.
565 3025 600 3086 Et
623 3023 693 3087 ideo
710 3023 921 3104 presbyterum
937 3041 1039 3085 amare
1054 3023 1157 3086 uolo.t
1205 3023 1256 3086 nit
1278 3029 1386 3086 mater:
1409 3023 1491 3086 liudi

426 3113 588 3176 consilium
614 3131 717 3175 meum
742 3117 771 3174 et
793 3113 872 3175 bene
895 3112 949 3174 tibi
974 3112 1043 3175 erit!
1068 3111 1164 3175 Senes
1186 3117 1259 3175 sunt
1273 3112 1362 3174 valde
1385 3112 1493 3175 crude·

427 3201 481 3279 les;
505 3206 618 3281 tempta
641 3221 712 3264 eum
736 3201 821 3282 prius
844 3205 873 3264 et
895 3201 921 3263 si
945 3201 1011 3263 sine
1034 3219 1113 3280 pena
1136 3201 1267 3264 euadere
1283 3201 1391 3281 possis,
1408 3218 1490 3282 pres

371 3307 412 3354 non
428 3291 567 3370 byterum
599 3291 744 3370 diligastt
793 3289 865 3364 Que
893 3290 946 3352 ait:
984 3289 1034 3355 „0
1058 3289 1141 3352 bona
1164 3294 1267 3365 mater,
1296 3307 1359 3353 non
1384 3297 1492 3370 potero

426 3382 542 3440 tantum
567 3385 767 3458 exspectare«
815 3379 855 3441 At
877 3378 940 3440 illa:
968 3378 1052 3443 „Sub
1077 3378 1291 3442 benedictione
1314 3397 1382 3441 mea
1399 3378 1492 3442 michi

426 3467 600 3545 acquiescas
623 3471 653 3529 et
675 3467 761 3547 prius
784 3486 854 3530 eum
878 3469 1026 3547 temporit
1075 3467 1147 3541 Que
1162 3467 1216 3530 ait:
1243 3467 1393 3547 „Propter
1408 3472 1492 3529 tuam

427 3554 678 3618 benediccionem
717 3555 789 3618 volo
828 3573 939 3635 penam
978 3557 1127 3619 sustinere
1165 3556 1294 3619 interim.
1344 3555 1404 3619 Sed
1443 3555 1494 3618 dic

428 3643 528 3721 michi,
553 3643 584 3704 in
609 3661 672 3722 quo
696 3662 766 3705 eum
791 3645 981 3724 temptaboru
1023 3645 1095 3718 Que
1117 3645 1169 3706 ait:
1201 3645 1371 3712 „Arborem
1395 3661 1493 3723 quan-

372 3749 413 3794 ooo
428 3731 499 3793 dam
535 3732 655 3794 nouiter
690 3732 851 3811 plantatam
887 3733 986 3810 habet,
1021 3751 1113 3812 quam
1149 3733 1228 3797 miro
1263 3733 1360 3797 modo
1383 3733 1492 3812 diligit.

429 3820 511 3882 lllam
535 3820 665 3897 succide,
689 3838 760 3883 cum
783 3820 822 3882 ad
847 3822 1026 3883 uenandum
1049 3825 1162 3901 pergat,
1186 3826 1215 3884 et
1231 3823 1261 3884 in
1279 3822 1382 3901 ignem
1399 3823 1491 3902 pone!

429 3909 511 3972 Etsi
536 3908 611 3972 illud
635 3909 778 3972 delictum
802 3909 857 3972 tibi
882 3909 1018 3987 remittat,
1041 3914 1114 3972 tunc
1128 3911 1266 3974 securius
1280 3911 1492 3991 presbyterum

427 3997 554 4078 diligere
578 3999 719 4079 poteris.¹¹
760 3998 799 4060 At
821 3997 883 4060 illa:
915 3998 1017 4063 „lstud
1040 3999 1228 4078 adimplebo.
1274 3999 1323 4061 Ad
1347 4000 1441 4062 deum
1464 4004 1494 4062 te

428 4087 675 4150 recommendot
726 4087 865 4150 Domum
889 4087 1021 4167 perrexit
1042 4091 1071 4149 et
1092 4087 1145 4148 vbi
1168 4092 1247 4150 esset
1270 4088 1396 4151 maritus
1418 4105 1494 4167 que-

373 4193 414 4238 ooo
429 4175 507 4238 siuit.
554 4175 625 4248 Que
649 4175 819 4254 respondit:
855 4174 1020 4249 „Domine
1043 4174 1083 4235 ad
1106 4175 1263 4237 ecclesiam
1287 4177 1414 4256 perrexi,
1438 4177 1494 4240 ubi
