3584 4884
719 429 963 490 -125-

303 605 375 668 dicti
393 623 453 685 pro
468 605 555 684 regni
571 605 712 668 dominio
728 605 932 684 litigauerunt
956 604 1045 667 Miles
1060 604 1187 683 quidam
1203 608 1371 681 veteranus

306 693 419 757 mortui
445 694 526 772 regis
542 694 699 773 quondam
716 694 893 757 secretarius
916 693 1062 774 specialis,
1088 693 1173 772 regni
1190 693 1372 773 primatibus

305 783 348 846 sic
370 782 505 845 dicebat:
540 782 669 847 „Audite
699 783 862 846 consilium
887 783 1006 845 meum!
1054 781 1183 862 Expedit
1209 782 1307 858 vobis,
1339 786 1373 844 ut

306 890 420 951 corpus
453 870 588 934 defuncti
619 872 699 952 regis
729 872 768 934 de
798 872 990 951 sarcophago
1019 871 1145 947 tollatis;
1182 875 1212 933 et
1242 871 1373 950 quilibet

257 978 294 1023 aaa
306 979 410 1024 arcum
436 979 508 1022 cum
532 960 637 1040 sagitta
652 965 790 1040 paratum
808 961 923 1035 habeat,
947 965 977 1022 et
991 960 1168 1040 quicunque
1184 959 1372 1039 profundius

306 1067 419 1129 corpus
451 1049 643 1128 sagittauerit,
687 1067 816 1129 regnum
854 1067 946 1111 suum
986 1049 1137 1111 nabebite
1186 1048 1303 1111 Placuit
1328 1049 1373 1112 eis

306 1139 481 1202 consilium.
518 1138 635 1201 Patrem
659 1155 751 1200 suum
775 1137 813 1200 de
838 1138 908 1202 loco
923 1138 1098 1202 effoderunt
1116 1142 1145 1199 et
1166 1136 1206 1199 ad
1229 1138 1371 1200 arborem

306 1227 491 1306 ligauerunt.
527 1227 648 1290 Primus
670 1227 807 1307 sagittam
832 1227 944 1290 iaciens
967 1245 1093 1289 manum
1117 1226 1253 1289 dextram
1277 1227 1372 1307 patris

306 1316 352 1378 sui
375 1316 559 1378 vulnerauit.
605 1315 677 1389 Qua
699 1315 739 1378 de
762 1335 795 1378 re
816 1321 961 1396 tanquam
990 1317 1078 1378 heres
1100 1315 1209 1378 vnicus
1231 1319 1261 1378 et
1283 1315 1370 1395 regni

257 1423 294 1468 am
307 1405 457 1468 dominus
473 1405 628 1483 gloriatur.
662 1405 823 1468 Secundus
838 1423 913 1468 vero
927 1410 1076 1484 torquens
1090 1404 1227 1484 sagittam
1244 1404 1373 1484 propius

306 1494 445 1573 sagittam
470 1494 501 1555 in
526 1511 562 1556 os
585 1494 708 1556 letanter
731 1493 967 1573 quodammodo
989 1493 1156 1574 sagittabat
1199 1493 1288 1556 Vnde
1311 1493 1370 1556 sibi

306 1601 438 1662 regnum
463 1583 580 1645 cercius
608 1582 784 1648 ascribebat.
831 1583 951 1646 Tertius
973 1587 1075 1645 autem
1098 1600 1153 1645 cor
1175 1582 1242 1644 eius
1263 1581 1371 1661 sagitta

305 1672 483 1752 perlorauit,
517 1671 570 1751 qui
603 1672 661 1751 (BL
687 1672 772 1751 3811.)
803 1690 836 1735 se
870 1690 928 1752 pro
962 1672 1027 1735 suis
1062 1671 1205 1734 tratribus
1239 1689 1369 1750 regnum

306 1762 432 1840 putabat
466 1761 532 1823 sine
567 1760 617 1822 lite
654 1761 819 1823 certissime
854 1779 1079 1841 possessurum.
1127 1759 1264 1833 Quartus
1296 1777 1371 1822 vero

257 1865 294 1912 aab
307 1868 376 1912 cum
401 1849 558 1912 accederet
584 1848 623 1911 ad
646 1867 767 1930 corpus,
798 1850 948 1929 ingemuit
970 1854 999 1912 et
1021 1867 1097 1912 voce
1120 1849 1306 1912 lamentabili
1329 1848 1373 1912 sic

305 1939 438 2001 dicebat:
466 1938 573 2003 „Absit
595 1957 612 2000 a
635 1957 692 2015 me,
716 1944 748 2001 vt
770 1957 829 2018 ego
852 1957 966 2018 corpus
989 1939 1082 2018 patris
1106 1939 1165 2000 mei
1189 1938 1296 2000 viuum
1319 1941 1372 1999 aut

306 2032 465 2090 mortuum
504 2045 639 2106 vnquam
678 2027 812 2090 ledaml¹¹
863 2028 933 2090 iliis
966 2027 1054 2090 dictis
1092 2027 1179 2106 regni
1218 2027 1371 2107 principes

306 2117 461 2196 simulque
501 2116 636 2196 populus
669 2117 831 2179 vniuersus
869 2116 1002 2179 eundem
1037 2116 1182 2179 iuuenem
1217 2115 1372 2178 eleuantes

305 2209 463 2284 tamquam
494 2223 601 2267 verum
632 2205 776 2268 heredem
807 2210 836 2269 et
865 2206 953 2285 regni
983 2205 1146 2268 dominum
1180 2204 1372 2284 imperatoris

256 2310 293 2355 aso
307 2295 387 2357 solio
412 2294 599 2371 locauerunt,
622 2294 723 2356 etalii
748 2295 784 2356 lll
809 2295 895 2358 omni
919 2293 1065 2374 dignitate
1087 2298 1173 2356 erant
1196 2293 1315 2374 priuati.

658 2543 733 2625 Cap.
761 2546 819 2607 105
847 2544 906 2623 (Bl.
932 2544 1024 2624 sla).

351 2682 396 2737 De
414 2681 508 2750 milite,
530 2681 596 2753 [quil
616 2681 837 2750 semiambulans,
860 2681 1057 2752 semiequitans
1074 2681 1149 2736 venit
1167 2680 1202 2736 ad
1221 2695 1323 2750 regern.

396 2826 531 2900 Qvidam
556 2828 643 2892 miles
666 2828 820 2908 quendam
839 2847 951 2908 regern,
974 2847 992 2890 a
1015 2846 1079 2907 quo
1103 2827 1277 2890 infeodatus
1299 2830 1372 2902 erat,

305 2916 440 2996 grauiter
462 2915 600 2980 offendit
646 2917 730 2980 Misit
751 2917 789 2980 ad
814 2936 884 2980 eum
918 2918 1035 2992 milites,
1066 2921 1099 2979 vt
1128 2934 1185 2996 pro
1214 2934 1251 2979 eo
1279 2915 1370 2978 inter-

305 3005 457 3068 cederent.
491 3006 550 3069 Vix
565 3007 631 3069 eius
653 3007 820 3070 amiciciam
844 3007 904 3069 sub
920 3008 980 3070 hoc
995 3010 1083 3086 pacto
1099 3005 1239 3085 optinuit,
1255 3005 1370 3067 scilicet

305 3094 393 3174 quod
416 3093 456 3156 ad
480 3095 595 3157 curiam
623 3096 689 3158 eius
716 3095 810 3176 pedes
834 3101 862 3158 et
884 3113 980 3175 eques
1008 3094 1125 3175 pariter,
1157 3094 1189 3155 id
1212 3098 1257 3156 est
1279 3093 1371 3156 semi-

251 3201 293 3247 aau
306 3183 471 3246 ambulans
500 3189 530 3246 et
558 3185 774 3264 semiequitans
796 3185 920 3262 veniret,
953 3189 982 3247 et
1009 3183 1095 3264 quod
1119 3201 1223 3245 secum
1247 3183 1372 3245 duceret

304 3272 522 3334 fidelissimum
538 3274 670 3336 amicum
694 3278 724 3336 et
746 3273 943 3337 ioculatorem
968 3278 996 3336 et
1019 3272 1178 3335 inimicum
1202 3271 1370 3352 perfidissi-

304 3355 402 3423 mum.
435 3360 506 3434 Qua
521 3361 561 3424 de
577 3381 608 3424 re
632 3363 719 3425 miles
742 3363 934 3425 contristatus
949 3363 1082 3442 cogitare
1105 3361 1190 3441 cepit,
1207 3360 1370 3440 quomodo

306 3451 367 3513 boc
381 3449 551 3530 adimplere
566 3455 677 3532 posset.
716 3451 858 3525 Quadam
874 3470 949 3514 vero
966 3456 1054 3514 nocte
1077 3468 1147 3513 cum
1171 3451 1369 3530 peregrinum

305 3539 463 3619 quendam
496 3539 635 3620 hospicio
660 3541 827 3620 recepisset,
859 3541 936 3604 clam
960 3541 1035 3603 dixit
1056 3540 1144 3602 vxori
1168 3557 1235 3602 sue:
1270 3538 1369 3617 nscio,

251 3646 291 3691 roo
306 3629 380 3708 quia
404 3629 557 3708 peregrini
581 3633 753 3710 promptam
783 3630 960 3709 peccuniam
983 3633 1056 3692 sunt
1077 3647 1182 3691 secum
1206 3633 1371 3708 portantes.

305 3717 387 3780 Volo
422 3717 521 3796 igitur,
560 3719 585 3780 si
616 3722 647 3781 tu
680 3717 799 3796 suades,
835 3720 919 3781 hunc
952 3718 1149 3798 peregrinum
1186 3717 1370 3795 interlicere;

305 3805 484 3886 peccuniam
513 3806 579 3869 eius
609 3807 846 3888 optineblmus.u
894 3807 934 3869 nt
956 3807 1019 3870 illa:
1054 3807 1197 3872 „Bonum
1223 3811 1268 3869 est
1296 3825 1370 3869 con-

304 3895 438 3976 siliumt
487 3893 675 3975 Cunctisque
706 3895 932 3959 dormientibus
963 3897 1041 3959 circa
1072 3896 1244 3958 diluculum
1273 3895 1372 3974 surgit

305 3983 402 4061 miles
434 3983 631 4064 peregrinum
655 3985 787 4048 excitans
809 3985 894 4048 abire
917 3986 1013 4063 iubet;
1043 4002 1203 4063 vnumque
1236 3984 1276 4045 de
1305 3985 1371 4047 suis

249 4090 290 4136 roo
306 4072 411 4136 vitulis
442 4073 472 4134 in
507 4073 602 4136 frusta
636 4075 731 4137 secuit
765 4092 947 4154 ponensque
977 4093 1012 4137 ea
1043 4074 1075 4135 in
1105 4091 1202 4136 sacco.
1250 4072 1372 4135 Deinde

304 4180 433 4225 vxorern
464 4179 551 4224 suam
582 4163 687 4226 excitat
716 4162 854 4241 dansque
885 4163 944 4226 sibi
976 4181 1106 4239 saccum,
1136 4166 1169 4224 vt
1198 4161 1230 4222 in
1253 4161 1378 4239 angulo.
