3584 4884
716 437 936 496 ..85-

288 611 420 673 laboras.
467 610 499 674 Si
522 611 615 673 scires
639 611 714 690 quid
746 613 775 672 et
798 613 947 689 quantum
979 627 1038 689 pro
1060 627 1166 672 amore
1190 609 1358 689 presbyteri

288 699 403 779 pacior,
439 699 464 762 si
498 718 547 761 me
578 699 729 778 diligeres,
763 699 862 762 statim
898 698 991 760 michi
1030 697 1246 760 consentiresu
1310 697 1360 760 Ait

234 806 273 851 oo
290 792 399 850 mater:
443 788 544 855 „Audi
579 806 629 850 me
663 788 757 851 semel
791 791 820 849 et
852 787 986 867 amplius
1021 804 1085 849 non
1116 791 1146 849 te
1177 785 1358 866 impediam!

289 877 375 939 Rene
397 877 452 940 tibi
477 881 593 940 constat
616 877 701 956 quod
726 877 771 939 lac
794 895 831 938 ex
854 876 999 938 mamillis
1022 876 1099 938 meis
1121 875 1228 938 suxisti
1252 879 1282 938 et
1303 874 1360 938 do-

288 967 372 1028 lores
394 970 496 1028 tecum
520 966 551 1027 in
577 970 663 1046 partu
687 965 790 1028 habui.
839 965 969 1044 Propter
990 964 1057 1027 illas
1080 963 1230 1026 mamillas
1252 969 1281 1026 et
1303 963 1360 1027 do

289 1055 371 1117 lores
394 1054 499 1117 adhuc
521 1072 591 1117 eum
615 1059 728 1133 tempta
751 1054 840 1116 tercia
863 1054 943 1116 vice!
970 1054 1006 1116 Et
1022 1053 1070 1133 {sil
1095 1057 1169 1115 tunc
1190 1053 1258 1115 sine
1281 1070 1361 1133 pena

288 1143 454 1220 transieris,
489 1147 595 1206 votum
630 1142 691 1206 deo
725 1161 827 1206 voueo
861 1142 947 1222 quod
978 1147 1008 1204 te
1038 1159 1101 1204 non
1130 1141 1296 1222 impediam
1320 1141 1359 1204 de

237 1251 275 1295 saa
289 1237 421 1294 cetero!¹
471 1231 543 1305 Que
575 1233 629 1295 ait:
668 1233 739 1297 „Est
774 1232 865 1294 michi
893 1248 973 1311 pena
1010 1231 1114 1310 grauis
1152 1248 1206 1310 per
1242 1234 1359 1292 tantum

289 1325 414 1401 tempus
437 1340 455 1382 a
479 1321 655 1401 presbytero
679 1320 837 1383 abstinere.
882 1319 944 1384 Sed
967 1319 1041 1398 quia
1063 1323 1169 1382 votum
1186 1318 1247 1381 deo
1262 1319 1358 1382 fecisti

288 1410 376 1490 quod
401 1428 453 1472 me
480 1409 627 1472 ammodo
656 1426 719 1472 non
748 1409 906 1489 impedias,
937 1408 988 1471 dic
1010 1408 1112 1485 michi,
1143 1407 1174 1470 in
1199 1425 1263 1486 quo
1287 1425 1358 1470 eum

288 1503 438 1578 temptare
461 1497 569 1575 debeo,
593 1502 623 1560 et
637 1498 698 1560 hoc
712 1498 918 1578 adimplebo.a
956 1497 995 1559 m
1018 1497 1080 1558 illa:
1108 1496 1189 1561 ‚Die
1204 1496 1360 1560 dominica

288 1587 399 1664 lutura,
427 1591 460 1649 ut
483 1588 561 1649 bene
583 1587 638 1650 tibi
655 1591 777 1662 constat,
803 1587 928 1649 maritus
943 1590 1015 1648 tuus
1030 1585 1211 1648 conuiuium
1228 1585 1359 1663 habebit,

238 1695 275 1740 rou
290 1677 320 1737 in
337 1695 406 1755 quo
423 1676 571 1739 conuiuio
587 1679 671 1756 pater
684 1679 754 1738 tuus
770 1680 799 1737 et
814 1693 872 1754 ego
889 1675 1004 1738 erimus
1020 1679 1050 1736 et
1065 1691 1175 1737 omnes
1191 1674 1360 1737 nobiliores

289 1765 419 1827 civitatis
448 1783 582 1827 romane.
630 1764 710 1827 Cum
738 1783 813 1827 vero
837 1781 947 1827 omnes
974 1764 1006 1825 in
1034 1781 1140 1826 mensa
1166 1767 1239 1826 sunt
1264 1763 1360 1825 collo

288 1854 354 1930 cati,
383 1858 470 1933 pater
491 1858 562 1916 tuus
584 1858 729 1932 tanquam
754 1852 930 1933 principalis
953 1869 1091 1915 mensam
1115 1851 1247 1932 incipiet
1275 1856 1305 1914 et
1326 1856 1359 1913 tu

287 1961 326 2004 ex
358 1942 506 2022 opposito
541 1942 633 2022 patris
662 1943 705 2004 tui
738 1942 798 2005 eris
828 1941 983 2004 collocata
1036 1940 1118 2004 Cum
1148 1958 1224 2004 vero
1254 1958 1360 2003 mensa

289 2031 463 2110 pulmento,
497 2031 570 2094 vino
605 2035 695 2110 atque
729 2031 796 2093 aliis
829 2030 953 2092 ferculis
987 2029 1077 2092 tuerit
1111 2029 1209 2109 plena,
1245 2029 1359 2108 private

237 2138 275 2183 roo
290 2121 411 2182 clauem
436 2123 518 2181 tuam
535 2119 566 2182 in
582 2119 646 2182 tine
662 2137 772 2200 mappe
796 2119 882 2198 ligari
906 2119 998 2181 iacias
1020 2123 1050 2180 et
1071 2118 1166 2181 verba
1188 2118 1243 2180 ista
1265 2118 1360 2180 debes

289 2209 444 2288 prolerre:
480 2210 582 2284 „Ecce
614 2226 707 2288 quam
738 2208 849 2271 debilis
880 2207 1029 2270 memorie
1059 2208 1144 2269 sum!
1191 2206 1359 2269 Cultellum

289 2316 396 2359 meum
421 2297 452 2358 in
476 2315 625 2359 cameram
656 2296 759 2360 dimisi
787 2301 816 2359 et
844 2314 966 2359 mecum
995 2314 1059 2359 non
1089 2296 1239 2376 portani.a
1290 2296 1360 2359 lioc

289 2386 374 2449 dicto
398 2403 469 2448 cum
493 2386 608 2466 impetu
632 2385 671 2448 de
694 2385 838 2448 kathedra
853 2403 962 2464 surgas
985 2389 1014 2447 et
1037 2402 1179 2464 mappam
1203 2387 1303 2446 tecum
1328 2384 1359 2446 in

289 2479 403 2538 terram
427 2476 534 2551 trahas,
566 2479 595 2538 et
622 2475 647 2537 si
674 2479 748 2538 tunc
775 2492 885 2555 penam
914 2473 1036 2551 euadas,
1066 2478 1172 2536 votum
1196 2473 1257 2535 deo
1280 2472 1360 2536 tacio

238 2583 275 2628 uo
290 2563 379 2643 quod
416 2565 627 2644 presbyterum
662 2564 710 2626 vel
746 2581 975 2643 quemcumque
1004 2563 1098 2624 alium
1134 2561 1244 2640 diligas
1273 2566 1303 2623 et
1332 2565 1361 2623 te

289 2653 426 2732 amplius
458 2670 520 2715 non
552 2652 746 2732 impediam.u
793 2652 833 2714 ht
856 2651 918 2714 illa:
953 2652 1115 2719 „libenter
1145 2650 1220 2712 illud
1252 2669 1359 2730 perpe-

290 2743 409 2804 trabofl
466 2741 539 2804 Vale
573 2741 642 2804 tecit
676 2741 775 2818 matri;
811 2740 941 2803 domum
973 2740 1111 2820 perrexit
1164 2739 1260 2801 Adest
1293 2739 1360 2802 dies

289 2829 482 2906 dominicus;
499 2830 575 2892 hora
586 2829 688 2893 debita
703 2848 812 2893 omnes
829 2830 945 2891 inuitati
957 2829 997 2891 ad
1009 2828 1189 2892 conuiuium
1202 2832 1359 2890 venerunt

291 2918 480 2998 Prepositus,
511 2923 594 2998 pater
617 2919 690 2995 eius,
722 2936 858 2981 mensam
883 2918 996 2998 incepit
1017 2922 1047 2980 et
1069 2917 1132 2979 lilia
1154 2935 1192 2978 ex
1215 2917 1359 2997 opposito

238 3027 275 3071 un
291 3009 324 3070 in
349 3006 495 3069 kathedra
517 3008 661 3072 collocata
677 3011 722 3070 est
736 3007 823 3070 etsie
846 3025 902 3087 per
924 3007 1065 3070 ordinem
1089 3005 1242 3068 sederunt.
1277 3005 1359 3068 Cum

289 3115 367 3160 vero
403 3113 508 3159 mensa
542 3095 673 3159 diuersis
708 3096 881 3176 pulmentis,
916 3095 1041 3158 ferculis
1070 3113 1105 3157 ac
1138 3095 1213 3158 vino
1248 3093 1360 3172 repleta

289 3185 408 3262 luisset,
433 3184 559 3247 domina
582 3185 623 3247 ait
645 3203 720 3248 voce
743 3185 813 3248 alta:
841 3185 946 3261 „Ecce
970 3202 1063 3263 quam
1088 3183 1188 3246 labilis
1211 3182 1360 3245 memorie

289 3293 361 3337 sum
387 3275 461 3352 ego!
509 3273 675 3336 Cultellum
700 3291 803 3336 meum
828 3274 859 3335 in
884 3291 1003 3336 camera
1024 3273 1156 3336 dimisit
1203 3273 1239 3333 lit
1260 3271 1358 3334 statim

291 3363 412 3426 clauem
430 3362 460 3424 in
478 3381 620 3444 mappam
641 3363 747 3441 ligauit
761 3367 790 3424 et
805 3363 859 3424 ait:
886 3361 1022 3426 „Vadam
1039 3366 1068 3424 et
1083 3361 1238 3424 cultellum
1256 3379 1359 3422 meum

240 3471 278 3515 mo
293 3465 451 3531 queram!¹
500 3450 636 3514 Surrexit
669 3469 739 3513 cum
775 3451 889 3530 impetu
921 3455 951 3513 et
983 3455 1076 3513 totam
1112 3468 1253 3530 mappam
1289 3468 1359 3512 cum

290 3539 501 3620 superad-(Bl.
530 3540 709 3619 156r.)clitis
739 3540 777 3602 ad
809 3545 919 3602 terram
950 3544 1020 3619 post
1049 3557 1082 3602 se
1113 3539 1209 3602 traxit.
1257 3538 1359 3619 Cyphi

290 3629 377 3692 aurei
407 3633 436 3690 et
462 3630 595 3707 argentei
624 3629 655 3690 in
684 3637 762 3691 terra
792 3629 950 3692 iacuerunt
972 3633 1001 3689 et
1023 3628 1080 3690 alia
1103 3628 1223 3690 cibaria
1270 3628 1360 3692 Miles

291 3735 368 3781 vero
391 3717 467 3780 vltra
490 3735 582 3796 quam
607 3717 689 3780 credi
713 3722 812 3798 potest
830 3717 1004 3780 amaritatus
1027 3722 1072 3779 est
1093 3720 1122 3778 et
1144 3716 1359 3779 verecundiam

293 3825 437 3886 magnam
462 3806 643 3886 paciebatur.
678 3806 782 3870 Statim
808 3825 923 3870 nouam
947 3824 1089 3886 mappam
1106 3824 1141 3867 ac
1157 3807 1262 3868 omnia
1277 3824 1361 3869 noua

242 3895 432 3959 reordinari
456 3895 532 3972 lecit,
563 3895 676 3958 deinde
699 3913 768 3957 cum
793 3895 879 3958 omni
910 3893 1025 3974 gaudio
1055 3911 1164 3957 omnes
1194 3894 1362 3957 solicitabat

293 3989 323 4046 vt
351 3985 455 4046 cibum
488 3984 566 4046 laute
596 3988 752 4047 sumerent
778 4003 813 4047 ac
841 3984 989 4046 biberent
1035 3983 1156 4046 Omnes
1178 4000 1253 4045 vero
1276 3987 1361 4045 eraut

293 4073 452 4136 consolati.
506 4073 605 4135 Finito
634 4072 781 4136 conuiuio
812 4089 922 4135 omnes
951 4076 1051 4150 grates
1082 4071 1168 4132 militi
1200 4069 1359 4132 dederunt.

294 4163 387 4224 lvlane
410 4179 484 4224 vero
507 4161 636 4224 surrexit
664 4161 751 4224 miles
775 4160 864 4223 etad
888 4160 1044 4222 ecclesiam
1074 4158 1211 4238 perrexit,
1243 4158 1361 4237 inqua
