3584 4884
841 436 1063 492 ..64-

366 625 405 669 no
419 607 521 670 tulisti.
569 608 605 669 Et
631 606 705 669 abiit
732 606 947 686 unusquisque
975 605 1005 667 in
1029 606 1110 667 viam
1134 623 1232 668 suam.
1280 606 1390 669 Postea
1412 625 1488 671 vero

420 697 522 759 iniecit
544 696 650 758 funem
674 700 708 758 ut
730 694 871 758 educeret
893 694 1060 772 aurificem,
1085 712 1149 757 non
1165 713 1277 757 curans
1290 694 1330 757 de
1345 713 1383 758 eo
1399 697 1487 775 quod

420 786 562 848 dixerunt
573 785 600 847 ei
613 784 663 846 illa
675 784 824 861 animalia,
848 788 877 846 et
888 783 994 845 eduxit
1005 802 1077 846 eum
1090 783 1130 845 de
1139 784 1236 846 fovea.
1253 785 1371 847 Etcum
1384 785 1487 865 ipsum

420 874 582 950 eduxisset,
608 873 790 953 regraciatus
812 877 857 935 est
878 872 906 934 ei
924 876 953 934 et
967 873 1008 934 ait
1031 872 1087 934 illi:
1111 874 1158 934 Tu
1180 873 1343 935 maximam
1359 876 1488 953 gratiam

421 962 495 1025 mihi
508 962 661 1025 contulisti
675 980 732 1042 pro
745 980 807 1041 qua
819 966 926 1024 teneor
937 961 992 1024 tibi
1005 979 1208 1039 remunerare,
1220 962 1307 1041 quod
1319 962 1344 1025 si
1358 963 1490 1043 placeret

367 1067 407 1113 ns
422 1050 482 1114 deo
504 1055 533 1114 te
556 1051 682 1113 transire
706 1068 760 1130 per
782 1055 891 1113 terram
916 1068 1008 1129 quam
1028 1050 1083 1113 tibi
1099 1055 1128 1112 et
1142 1051 1285 1113 animalia
1307 1051 1488 1128 indicarunt,

422 1158 490 1203 cum
509 1140 623 1203 ibidem
641 1140 679 1203 sit
695 1157 798 1202 meum
816 1139 1031 1217 habitaculum,
1055 1139 1259 1202 remunerabo
1282 1144 1311 1202 te
1330 1139 1369 1203 de
1392 1141 1489 1219 gratia

421 1246 514 1309 quam
537 1228 632 1291 fecisti
657 1228 741 1291 mihi.
778 1229 814 1290 Et
835 1228 910 1290 abiit
932 1228 1147 1307 uuusquisque
1171 1228 1202 1289 in
1226 1229 1305 1290 viam
1330 1246 1427 1292 suam.

511 1318 544 1379 ln
568 1335 714 1399 processu
738 1335 812 1379 vero
840 1322 1015 1397 temporum
1047 1317 1156 1379 accidit
1185 1317 1331 1379 heremite
1360 1318 1489 1381 transire

422 1424 477 1487 per
500 1406 581 1468 illam
605 1410 714 1469 terram
739 1410 768 1468 et
795 1406 927 1469 occurrit
953 1406 980 1467 ei
1009 1423 1133 1486 symeus
1156 1410 1186 1468 et
1212 1406 1321 1469 videns
1347 1406 1489 1469 salutavit

368 1512 407 1557 nso
423 1513 494 1557 eum
518 1500 547 1558 et
568 1496 610 1557 ait
631 1495 670 1557 ad
694 1512 778 1558 eum:
803 1494 887 1556 Nihil
913 1512 996 1557 nunc
1020 1495 1120 1557 habeo
1135 1494 1218 1575 apud
1236 1514 1285 1557 me
1300 1495 1354 1557 sed
1371 1500 1489 1575 presto·

423 1584 485 1647 lare
519 1584 680 1665 paulisper.
739 1584 802 1657 Qui
837 1583 945 1646 abiens
979 1583 1068 1645 rediit
1101 1584 1140 1645 ad
1175 1602 1246 1646 eum
1281 1602 1352 1646 cum
1384 1584 1489 1647 multis

421 1673 570 1736 fructibus
586 1678 615 1735 et
630 1672 859 1735 delectabilibus
882 1677 913 1735 et
934 1672 993 1735 sibi
1017 1671 1144 1734 donavit
1159 1676 1195 1749 et,
1218 1673 1350 1752 sumptis
1372 1672 1412 1737 de
1427 1673 1488 1735 illis

422 1762 508 1842 quod
532 1762 637 1840 voluit,
668 1762 807 1825 discessit
829 1762 910 1823 inde.
958 1762 993 1823 Et
1020 1762 1152 1823 occurrit
1180 1761 1207 1823 ei
1235 1761 1340 1842 vipera
1370 1780 1432 1842 que
1460 1766 1491 1825 et

422 1851 531 1914 videns
553 1851 692 1915 salutavit
714 1868 784 1913 eum
809 1854 838 1913 et
860 1850 912 1913 ait:
937 1851 1050 1929 Magna
1073 1849 1131 1912 fuit
1153 1851 1248 1929 gratia
1270 1868 1363 1930 quam
1388 1851 1489 1931 recepi

369 1944 504 2018 assate,
534 1940 588 2004 sed
617 1958 696 2019 rogo
724 1958 763 2001 ne
793 1938 940 2016 discedas,
971 1940 1072 2002 donec
1101 1939 1211 2002 redibo
1238 1940 1278 2001 ad
1304 1944 1345 2019 te;
1376 1944 1406 2001 et
1435 1940 1491 2002 ivit

422 2029 527 2109 vipera
549 2029 588 2092 ad
611 2030 741 2091 domum
758 2029 839 2107 regis
862 2032 891 2089 et
913 2028 1061 2091 interfecit
1082 2028 1179 2090 liliam
1202 2046 1289 2090 suam
1313 2032 1343 2091 et
1356 2029 1489 2109 acceptis

423 2136 537 2181 corona
560 2122 590 2180 et
612 2118 760 2181 iocalibus
783 2118 857 2193 eius,
888 2117 955 2179 tulit
976 2121 1006 2179 et
1027 2116 1154 2179 donavit
1177 2117 1330 2194 heremite,
1360 2121 1390 2180 et
1412 2117 1489 2179 nihil

423 2206 450 2269 ei
474 2206 514 2269 de
537 2210 634 2269 morte
658 2206 720 2268 filie
743 2206 824 2285 regis
840 2206 1050 2270 manifestavit.
1088 2206 1124 2268 Et
1138 2206 1281 2285 cogitavit
1296 2206 1442 2269 heremita
1457 2208 1489 2268 in

423 2294 516 2357 corde
526 2313 584 2358 suo
600 2295 717 2358 dicens:
739 2296 799 2357 lam
817 2295 872 2357 hec
887 2295 1030 2357 animalia
1044 2294 1085 2357 de
1100 2295 1252 2391 beqeficio
1268 2295 1354 2375 quod
1370 2295 1415 2358 eis
1429 2295 1489 2375 egi,

370 2400 409 2445 nso
425 2383 500 2445 mihi
524 2388 807 2461 remuneraverunt;
838 2384 948 2447 estimo
976 2383 1110 2463 quodsi
1138 2384 1177 2446 ad
1200 2384 1358 2447 aurificem
1382 2402 1489 2464 perve-

425 2490 513 2549 nero,
545 2472 655 2535 melius
685 2473 751 2553 ipse
782 2472 857 2535 mihi
889 2472 1110 2551 remunerabit,
1144 2477 1174 2535 et
1203 2473 1309 2535 saltem
1340 2472 1415 2534 mihi
1448 2472 1489 2535 de

424 2561 604 2625 huiusmodi
621 2561 770 2625 localibus
785 2562 932 2624 consulet
969 2561 1077 2625 Postea
1099 2580 1174 2625 vero
1198 2562 1344 2624 heremita
1364 2562 1491 2625 accessit

423 2650 462 2713 ad
485 2650 616 2713 domum
639 2650 781 2727 aurificis,
812 2654 841 2713 et
863 2650 973 2713 videns
1000 2669 1071 2713 eum
1095 2651 1213 2713 aurifex
1240 2651 1328 2713 duxit
1349 2668 1420 2713 eum
1448 2650 1489 2713 ad

424 2757 511 2803 suam
542 2738 672 2803 domum
704 2744 732 2802 et
762 2739 914 2802 honorem
949 2740 977 2801 ei
1008 2740 1145 2803 contulit
1197 2739 1343 2820 Cumque
1372 2738 1492 2802 videret

371 2845 411 2892 ass
425 2828 543 2893 aurifex
565 2846 712 2891 coronam
728 2846 859 2904 auream,
884 2828 1030 2907 cognovit
1048 2847 1115 2891 eam
1132 2828 1218 2907 quod
1234 2828 1292 2891 fuit
1314 2828 1377 2890 filie
1399 2828 1489 2908 regis,

426 2923 455 2981 et
480 2918 522 2981 ait
548 2918 589 2980 ei:
621 2917 694 2980 Noli
725 2917 797 2980 hinc
824 2916 989 2995 discedere,
1020 2917 1121 2981 donec
1147 2917 1186 2979 ad
1217 2921 1246 2980 te
1276 2917 1405 2981 rediero.
1453 2918 1490 2979 Et

424 3008 573 3071 transiens
595 3006 635 3069 ad
651 3006 781 3069 domum
798 3006 878 3085 regis
893 3006 1090 3069 annunciavit
1111 3007 1140 3068 ei
1155 3006 1319 3085 quomodo
1334 3005 1492 3069 invenerat

425 3114 571 3160 coronam
596 3096 658 3158 filie
681 3113 737 3158 sue
760 3095 791 3157 in
816 3112 909 3157 manu
933 3095 1093 3159 cuiusdam
1110 3095 1244 3174 quierat
1266 3095 1411 3157 indomo
1433 3112 1490 3157 sua

425 3190 454 3249 et
483 3186 585 3266 ipsum
617 3184 780 3247 retinuerat
809 3182 910 3247 donec
939 3184 1097 3247 mandaret
1128 3202 1181 3247 rex
1211 3202 1305 3264 super
1335 3183 1403 3246 hoc
1454 3184 1492 3245 Et

372 3291 412 3336 no
426 3275 556 3338 audiens
579 3275 639 3337 hoc
662 3292 722 3350 rex,
751 3273 833 3337 misit
860 3292 918 3353 pro
942 3291 996 3351 eo,
1026 3274 1080 3352 qui
1103 3292 1174 3335 cum
1197 3273 1315 3335 veniret
1337 3277 1366 3335 et
1387 3276 1490 3335 osten-

426 3362 512 3426 deret
542 3381 689 3427 coronam
720 3362 793 3442 regi,
824 3362 971 3441 cognovit
999 3380 1051 3423 rex
1074 3361 1166 3439 illam,
1196 3366 1227 3424 et
1253 3360 1409 3423 mandavit
1435 3379 1490 3424 rex

426 3452 527 3531 ipsum
552 3451 698 3531 flagellari
722 3455 751 3513 et
773 3451 844 3513 duci
869 3469 924 3531 per
947 3451 1105 3527 civitatem,
1129 3450 1243 3513 deinde
1258 3449 1416 3530 suspendi.
1453 3451 1491 3511 Et

426 3539 540 3602 lactum
564 3545 609 3603 est
632 3540 679 3601 ita.
727 3541 855 3602 Etcum
879 3539 1027 3603 ducerent
1057 3539 1155 3601 illium
1172 3558 1228 3619 per
1242 3539 1400 3616 civitatem,
1424 3538 1490 3601 ibat

427 3628 552 3709 plorans
567 3646 676 3705 amare,
700 3628 833 3691 clamans
857 3632 885 3691 et
908 3629 1025 3691 dicens:
1049 3628 1081 3691 Sl
1097 3628 1227 3692 consilio
1247 3628 1381 3690 ferarum
1396 3631 1492 3689 atten-

374 3734 413 3779 ns
428 3717 542 3781 dissem
566 3716 605 3779 de
628 3734 693 3796 quo
716 3716 791 3779 mihi
815 3718 1045 3795 consuluerunt,
1076 3734 1139 3779 non
1163 3718 1269 3795 utique
1292 3717 1352 3779 hoc
1375 3716 1491 3778 malum

427 3806 503 3869 mihi
527 3806 684 3869 evenisset
731 3806 766 3868 Et
788 3806 918 3869 audiens
944 3823 1070 3887 serpens
1098 3823 1205 3869 vocem
1233 3804 1308 3882 eius,
1338 3804 1430 3867 exivit
1451 3804 1492 3866 ad

427 3914 498 3959 eum
529 3894 568 3959 de
598 3912 738 3972 caverna,
770 3898 799 3956 et
827 3893 937 3957 videns
967 3894 1053 3974 quod
1083 3894 1233 3957 acciderat
1262 3894 1303 3971 ei,
1333 3892 1433 3956 doluit
1463 3897 1494 3955 et

427 3984 586 4065 obstupuit
616 3988 645 4047 et
672 3983 834 4046 meditatus
863 3987 909 4045 est
930 3988 1110 4063 argumenta
1140 4002 1198 4063 pro
1227 3983 1275 4046 sui
1303 3982 1493 4045 liberatione

429 4076 465 4137 Et
491 4074 550 4137 cito
581 4090 708 4153 serpens
739 4071 777 4133 ad
809 4072 939 4134 domum
976 4072 1057 4151 regis
1089 4072 1258 4135 momordit
1285 4071 1385 4133 tilium
1416 4071 1493 4135 eius

375 4180 414 4224 nso
428 4162 573 4241 Misitque
596 4180 648 4223 rex
672 4178 729 4239 pro
752 4159 915 4237 astrologis
933 4164 962 4222 et
984 4161 1083 4239 magis
1097 4165 1131 4222 ut
1152 4161 1212 4223 sibi
1236 4160 1367 4223 facerent
1389 4159 1494 4222 incan-
