3584 4884
715 477 938 537 ..65-

239 670 280 716 ras
295 652 442 714 tationem
458 656 488 713 et
503 656 657 731 portarent
672 652 711 715 ad
729 652 830 733 ipsum
846 651 886 714 de
902 652 1020 733 tyriaca,
1044 658 1073 714 et
1089 652 1165 714 nihil
1189 652 1216 714 ei
1233 652 1361 731 profuit;

293 745 323 803 et
345 740 378 802 in
401 741 489 803 astris
511 742 707 821 contemplati
736 746 809 803 sunt
838 746 901 803 arte
928 759 991 818 sua,
1022 740 1124 804 donec
1150 758 1229 821 puer
1251 741 1363 821 incepit

294 830 391 908 toqui,
415 830 551 909 privatus
574 830 656 892 enim
680 835 743 892 erat
758 847 910 906 sermone,
934 834 963 891 et
977 830 1019 892 ait
1032 830 1118 892 fitius
1133 830 1227 909 regis:
1251 828 1362 893 Scitote

294 936 345 979 me
368 918 468 980 sanari
492 936 556 981 non
581 936 672 998 posse
687 918 789 981 donec
804 918 932 981 veniens
946 918 1093 981 heremita
1109 918 1162 998 qui
1186 919 1253 981 sine
1273 918 1363 998 cutpa

294 1006 402 1069 estad
432 1011 561 1069 mortem
590 1007 820 1085 condamnatus,
852 1013 881 1069 et
910 1007 1002 1069 ducat
1032 1025 1158 1074 manum
1189 1024 1276 1069 suam
1307 1025 1364 1087 per

241 1113 280 1158 rso
295 1113 420 1158 carnem
444 1114 553 1157 meam.
600 1097 636 1158 Et
661 1096 791 1159 audiens
818 1095 879 1159 hoc
902 1114 976 1172 rex„
993 1095 1148 1158 mandavit
1175 1096 1247 1158 duci
1277 1097 1362 1158 here-

294 1184 401 1245 mitam
425 1184 463 1245 ad
488 1203 533 1261 se;
564 1184 618 1263 qui
645 1203 664 1246 a
694 1202 765 1263 rege
796 1185 999 1264 interrogatus
1028 1185 1170 1265 exposuit
1199 1184 1226 1246 ei
1258 1184 1363 1247 omnia

293 1292 356 1353 que
387 1274 499 1335 fecerat
527 1273 600 1336 feris
630 1278 659 1335 et
688 1273 815 1351 aurifici,
850 1278 879 1335 et
907 1273 1037 1336 verbum
1069 1292 1134 1353 quo
1166 1272 1230 1335 fere
1259 1272 1362 1353 ipsum

294 1366 540 1441 promonuerant
564 1362 682 1424 homini
714 1380 777 1425 non
802 1362 981 1425 benefacere
1003 1366 1033 1425 et
1059 1380 1156 1442 quare
1178 1366 1301 1424 venerat
1322 1360 1361 1423 ad

294 1450 378 1512 illam
403 1451 561 1513 civitatem.
593 1452 628 1513 Et
651 1451 773 1514 elevatis
789 1451 887 1513 oculis
902 1450 941 1512 ad
965 1451 1074 1527 celum,
1098 1451 1196 1513 oravit
1218 1450 1364 1512 heremita

242 1539 334 1602 asad
358 1538 454 1601 deum
478 1539 595 1602 dicens:
622 1540 758 1603 Domine
781 1540 867 1617 deus,
890 1556 951 1618 ego
974 1558 1044 1603 sum
1069 1540 1219 1603 innocens
1241 1538 1280 1601 de
1304 1539 1365 1601 hoc

294 1628 436 1707 negocio,
467 1646 548 1706 sana,
579 1629 718 1706 obsecro,
750 1628 849 1691 filium
874 1629 963 1708 regis.
1011 1629 1047 1690 Et
1069 1646 1146 1708 puer
1172 1631 1296 1691 sanatus
1318 1632 1364 1690 est

294 1721 323 1779 et
362 1717 485 1780 recessit
522 1717 613 1780 dolor
651 1718 725 1781 eius.
780 1719 816 1780 Et
853 1717 963 1780 videns
1000 1718 1061 1780 hoc
1098 1736 1163 1790 rex,
1202 1716 1365 1780 honoravit

294 1806 475 1868 heremitam
503 1806 580 1869 dans
610 1807 638 1869 ei
666 1824 793 1869 munera
824 1810 853 1869 et
883 1806 1005 1869 mittens
1031 1807 1134 1887 ipsum
1162 1805 1193 1868 in
1221 1823 1307 1885 pace;
1335 1808 1365 1867 et

293 1894 453 1957 mandavit
471 1894 618 1975 suspendi
634 1896 800 1959 aurificem.
833 1896 869 1957 Et
884 1896 944 1958 hoc
958 1900 1003 1959 est
1018 1895 1057 1959 de
1073 1914 1120 1974 eo,
1144 1895 1198 1975 qui
1215 1894 1365 1957 benefacit

239 2001 279 2047 auo
295 1983 431 2063 ingratis.

677 2114 727 2172 u.
764 2108 872 2189 1=s
899 2109 983 2188 soc]

387 2250 507 2313 Dicitur
529 2250 614 2330 quod
639 2255 771 2331 quatuor
794 2251 937 2314 homines
960 2252 1071 2331 pariter
1093 2251 1124 2313 in
1153 2252 1259 2314 itinere
1281 2269 1365 2314 asso

294 2340 362 2403 ciati
387 2340 520 2417 fuerunt,
544 2358 679 2419 quorsum
704 2358 785 2403 unus
809 2340 976 2403 eratfilius
999 2341 1088 2420 regis,
1111 2340 1365 2404 secundusfilius

294 2429 483 2505 mercatoris
514 2429 624 2491 tercius
648 2429 731 2491 filius
753 2429 905 2509 generosi,
936 2434 965 2491 et
987 2433 1050 2491 erat
1076 2430 1235 2509 speciosus
1261 2428 1364 2507 valde;

296 2522 427 2597 quartus
455 2535 528 2580 vero
559 2522 622 2579 erat
648 2518 746 2580 viator
773 2522 802 2580 et
829 2535 945 2581 cursor.
991 2516 1055 2591 Qui
1079 2535 1189 2581 omnes
1216 2518 1308 2581 simul
1332 2519 1364 2580 in

241 2624 281 2670 eoo
297 2607 405 2669 itinere
436 2610 654 2682 convenerunt,
685 2610 770 2669 erant
798 2612 900 2669 autem
932 2625 1081 2687 pauperes
1112 2607 1187 2669 nihil
1219 2607 1365 2670 habentes

295 2695 355 2757 nisi
379 2695 567 2759 vestimenta.
614 2696 742 2757 Etcum
765 2696 958 2758 ambularent
981 2696 1147 2775 perviam,
1178 2695 1256 2757 dixit
1281 2696 1365 2759 filius

295 2784 391 2863 regis:
415 2783 442 2845 Α
458 2784 561 2845 divina
576 2784 731 2847 voluntate
746 2784 851 2847 omnia
863 2784 1066 2865 predestinata
1080 2789 1167 2861 sunt;
1190 2784 1268 2847 dixit
1281 2785 1365 2848 filius

294 2871 514 2951 negociatoris:
540 2872 708 2935 Intellectus
734 2874 905 2936 meliorest
926 2874 1012 2936 omni
1037 2892 1081 2950 re;
1105 2873 1182 2934 dixit
1200 2874 1315 2937 nobilis
1337 2879 1366 2937 et

294 2962 468 3041 speciosus:
482 2961 682 3025 Pulchritudo
696 2966 741 3024 est
753 2962 862 3025 melior
872 2962 939 3025 aliis
952 2963 1045 3025 rebus
1050 2983 1057 3040 ;
1070 2962 1146 3024 dixit
1153 2962 1263 3025 viator:
1275 2962 1365 3025 Sotii-

240 3070 281 3115 ato
296 3049 404 3113 citudo
427 3054 456 3112 et
479 3050 689 3130 promptitudo
714 3051 744 3112 in
769 3050 844 3131 ipsis
861 3051 998 3130 negociis
1021 3051 1192 3114 meliorest
1213 3052 1299 3114 omni
1322 3070 1363 3115 re.

390 3139 518 3201 Etcum
541 3138 720 3202 accederent
742 3157 839 3219 prope
862 3139 1018 3219 quandam
1039 3140 1197 3218 civitatem,
1221 3139 1366 3203 sederunt

295 3229 327 3289 in
353 3244 419 3290 uno
443 3227 513 3291 loco
536 3232 566 3290 et
592 3228 736 3290 dixerunt
764 3228 888 3291 viatori:
920 3229 1006 3292 Vade
1027 3233 1060 3290 tu
1084 3230 1138 3309 qui
1162 3229 1310 3292 sollicitus
1332 3248 1366 3293 es

294 3318 327 3378 in
352 3317 413 3379 tuis
437 3317 581 3395 negociis,
612 3322 641 3379 et
664 3335 795 3397 procura
818 3318 910 3379 nobis
934 3318 1120 3381 hodiernum
1145 3318 1260 3382 cibum.
1300 3318 1365 3391 Qui

294 3406 350 3467 ait:
381 3406 530 3468 Libenter.
579 3407 615 3468 Et
642 3406 799 3485 ingressus
822 3406 972 3471 civitatem
998 3407 1050 3486 (et)
1080 3408 1271 3487 investigavit
1297 3407 1366 3469 dili-

242 3512 281 3559 ars
296 3499 406 3574 genter
421 3494 543 3574 qualem
557 3494 693 3557 laborem
711 3495 836 3557 deberet
852 3514 991 3559 exercere
1010 3514 1075 3575 quo
1087 3497 1213 3560 haberet
1223 3496 1365 3559 salarium

296 3583 385 3663 quod
409 3582 564 3645 sufficeret
585 3583 624 3645 ad
648 3584 729 3645 diem
754 3602 811 3663 pro
834 3584 915 3647 victu
939 3590 1072 3665 quatuor
1094 3586 1268 3648 hominum.
1305 3586 1365 3648 Cui

296 3690 483 3752 responsum
508 3676 559 3749 est,
584 3672 659 3734 nihil
685 3673 794 3735 melius
817 3691 993 3753 essequam
1016 3678 1178 3754 apportare
1202 3675 1294 3754 ligna.
1331 3677 1367 3737 Et

295 3761 445 3823 accedens
468 3760 506 3822 ad
530 3761 646 3838 silvam,
678 3760 749 3824 iecit
771 3762 829 3824 sibi
853 3762 1002 3825 sarcinam
1027 3781 1170 3841 magnam
1197 3764 1365 3826 necessaria

296 3868 355 3929 pro
378 3867 412 3911 se
435 3853 464 3911 et
486 3850 577 3912 sociis
600 3850 672 3927 suis,
703 3851 840 3913 scribens
864 3852 895 3912 in
925 3856 1043 3931 portam
1068 3852 1194 3914 civitatis
1217 3852 1365 3931 quoniam

243 3957 283 4002 sao
298 3938 345 4000 vir
373 3938 492 4019 probus
520 3942 550 4001 et
578 3938 726 4001 sollicitus
757 3940 787 4001 in
816 3944 877 4002 arte
905 3958 960 4002 sua
991 3940 1123 4003 lucratus
1153 3945 1198 4003 est
1227 3959 1288 4002 una
1316 3940 1367 4002 die

297 4027 458 4089 denarium
482 4030 672 4107 argenteum.
712 4028 748 4091 Et
770 4028 858 4091 rediit
880 4029 919 4090 ad
943 4029 1045 4091 socios
1068 4029 1122 4108 qui
1146 4030 1217 4092 cibo
1240 4033 1269 4091 et
1291 4033 1366 4108 potu

297 4116 399 4179 reiecti
424 4120 497 4179 sunt
519 4116 570 4179 illa
592 4116 653 4180 die.
690 4117 790 4181 Altera
813 4136 887 4179 vero
911 4118 961 4179 die
984 4118 1128 4179 dixerunt
1151 4118 1216 4179 filio
1239 4117 1366 4179 nobilis:

297 4205 382 4268 Vade
405 4209 435 4267 et
456 4209 508 4268 tua
531 4205 759 4287 pulchritudine
789 4224 921 4285 procura
951 4206 1042 4268 nobis
1071 4206 1164 4268 hodie
1188 4206 1366 4267 necessaria.

324 4323 440 4377 Utrich,
464 4324 603 4369 Lateinische
616 4324 751 4368 Novellistiir
764 4324 802 4367 des
817 4322 966 4367 Mittelaiters.
1207 4326 1223 4375 5
