3584 4884
829 440 1053 497 -62-

408 610 529 674 asinum
559 610 616 688 leo,
649 630 686 673 ex
716 611 870 675 debilitate
899 612 1038 693 corporis
1068 612 1116 675 sui
1148 631 1211 675 non
1243 614 1343 693 potuit
1371 614 1474 693 ipsum

408 700 528 777 laniare,
560 705 589 762 et
615 700 731 762 dimisit
757 700 876 763 asinum
907 701 1026 763 illesum
1055 702 1096 763 ab
1119 720 1157 765 eo
1180 702 1345 765 discedere
1391 702 1474 765 Cum

408 789 469 852 hoc
494 787 620 860 vidisset
646 790 763 869 vulpes,
793 790 834 851 ait
861 789 957 853 leoni:
990 790 1126 853 Domine
1152 791 1296 869 ferarum,
1326 791 1403 871 quid
1430 797 1477 855 est

353 894 394 942 sao
410 878 470 940 boc
492 878 577 957 quod
602 877 719 941 fecisti?
767 880 837 941 luro
859 878 923 956 tibi,
952 879 979 942 si
1007 878 1094 941 illum
1122 879 1263 942 dimisisti
1290 884 1342 942 tua
1364 880 1476 943 volun-

407 970 473 1043 tate,
505 984 652 1045 magnum
682 967 819 1029 laborem
844 971 873 1030 et
894 967 1093 1031 afflictionem
1121 968 1212 1031 famis
1235 969 1311 1031 mihi
1334 969 1475 1047 intulisti余

407 1055 432 1117 si
455 1073 530 1118 vero
553 1074 590 1117 ex
612 1059 663 1117 tua
686 1056 864 1136 impotentia
887 1056 1037 1134 dimisisti,
1068 1076 1106 1119 ve
1129 1058 1236 1120 nobis!
1269 1057 1341 1137 quia
1364 1058 1475 1137 perditi

407 1161 524 1221 sumus,
545 1162 601 1207 nec
616 1144 647 1206 in
665 1145 756 1208 nobis
770 1145 905 1225 amplius
920 1145 976 1208 erit
991 1146 1126 1225 potentia
1141 1146 1319 1226 acquirendi
1335 1146 1475 1210 vitulum.

409 1234 444 1295 Et
474 1233 584 1296 nolens
614 1234 662 1297 leo
696 1234 783 1313 quod
818 1234 1021 1315 perpenderet
1048 1235 1157 1315 vulpes
1188 1253 1281 1298 suum
1311 1234 1474 1315 defectum,

353 1338 394 1385 ovo
409 1321 551 1401 cogitavit
573 1322 691 1386 dicens:
723 1322 754 1386 Si
778 1322 885 1386 dixero
909 1323 936 1385 ef
965 1324 1039 1403 quia
1065 1323 1149 1387 volui
1181 1324 1283 1405 ipsum
1314 1323 1474 1402 dimittere,

408 1411 558 1491 reputabit
588 1430 638 1473 me
671 1410 803 1490 fatuum,
838 1416 867 1475 et
897 1412 939 1474 ait
967 1412 1007 1474 ad
1039 1430 1124 1475 eum:
1159 1412 1191 1476 Si
1223 1413 1337 1494 poteris
1371 1414 1474 1493 ipsum

407 1500 515 1562 itemm
540 1498 579 1561 ad
603 1518 652 1561 me
675 1499 795 1577 ducere,
820 1500 964 1564 indicabo
986 1501 1041 1564 tibi
1065 1519 1160 1580 quare
1183 1502 1258 1564 illud
1283 1502 1349 1565 feci.
1389 1502 1476 1566 Dixit

406 1588 528 1668 vulpes:
553 1590 614 1651 lam
639 1594 780 1671 expertus
803 1594 847 1652 cst
869 1590 974 1652 asinus
989 1590 1202 1671 deceptionem
1227 1610 1339 1668 meam余
1363 1592 1473 1654 vadam

407 1676 445 1739 ad
470 1677 571 1756 ipsum
595 1678 777 1742 secundario
806 1683 835 1741 et
862 1679 888 1740 ei
920 1678 1035 1759 pambo
1058 1684 1238 1758 argumenta
1267 1698 1328 1759 que
1356 1684 1473 1759 potero.

352 1785 394 1831 ero
410 1766 446 1829 Et
468 1784 620 1847 exurgens
651 1766 704 1829 ivit
729 1767 769 1829 ad
793 1767 905 1847 ipsum,
934 1772 971 1844 et,
988 1786 1072 1833 cum
1096 1768 1212 1831 videret
1234 1786 1305 1831 eum
1328 1769 1434 1833 asinus
1456 1788 1475 1831 a
1587 1814 1602 1836 .

409 1856 510 1935 longe,
534 1855 610 1918 dixit
632 1856 673 1919 ei:
696 1857 741 1919 Ve
764 1856 833 1919 fibi!
858 1855 935 1935 quid
958 1857 1092 1936 amplius
1107 1858 1211 1936 queris
1233 1858 1265 1919 in
1289 1876 1339 1921 me
1361 1856 1473 1937 agere?

409 1944 444 2006 Et
465 1945 506 2007 ait
528 1944 566 2006 ad
590 1963 661 2007 eum
686 1945 806 2025 vulpes:
831 1945 904 2008 Non
928 1945 1055 2009 intendo
1079 1946 1111 2007 in
1135 1951 1163 2008 te
1184 1965 1275 2025 agere
1298 1947 1355 2009 nisi
1379 1965 1474 2010 omne

407 2033 539 2114 bonum余
555 2052 662 2097 vemm
678 2038 779 2097 umen
795 2034 865 2098 veni
881 2038 981 2097 tecum
998 2034 1037 2096 ad
1052 2034 1153 2097 asinas
1169 2053 1246 2114 quas
1260 2035 1315 2097 tibi
1327 2036 1473 2114 dixeram,

407 2126 436 2184 et
458 2122 559 2185 vidisti
583 2122 658 2201 quid
681 2123 736 2186 tibi
759 2123 910 2185 faciebant
932 2142 969 2185 ex
993 2123 1087 2185 nimia
1102 2142 1207 2186 earum
1223 2124 1386 2187 dilectione
1401 2143 1475 2204 erga

352 2228 393 2275 ooo
409 2214 436 2273 te
452 2214 481 2272 et
496 2211 569 2289 quia
583 2215 634 2273 tua
650 2212 880 2274 conversatione
892 2212 1127 2275 delectabantur.
1150 2214 1197 2275 Tu
1213 2216 1314 2275 autem
1326 2214 1473 2293 expavisti

407 2298 551 2361 estimans
573 2299 628 2361 tibi
653 2300 683 2362 in
701 2300 815 2362 malum
833 2300 943 2378 facere余
967 2318 1074 2363 verum
1098 2305 1199 2364 tamen
1215 2302 1240 2365 si
1257 2320 1366 2381 parum
1382 2299 1471 2365 susti-

407 2387 534 2465 nuisses,
567 2387 696 2451 vidisses
723 2388 853 2467 gloriam
882 2408 976 2468 quam
1001 2407 1160 2469 nunquam
1184 2390 1295 2453 vidisti.
1343 2392 1472 2454 Etcum

406 2475 511 2539 asinus
533 2494 551 2538 a
573 2476 684 2539 diebus
713 2477 778 2540 suis
806 2495 869 2539 non
898 2478 1024 2541 vidisset
1055 2479 1177 2542 leonem
1205 2498 1263 2542 nec
1285 2480 1373 2543 sciret
1395 2480 1472 2559 quid

407 2568 492 2642 esset,
516 2564 605 2627 rediit
626 2565 808 2628 secundario
832 2584 902 2630 cum
919 2567 1020 2647 vulpe,
1044 2568 1117 2647 quia
1138 2568 1298 2631 affectabat
1319 2586 1386 2632 esse
1401 2587 1472 2631 cum

352 2671 393 2719 oso
408 2653 552 2717 asinabus
586 2672 664 2733 quas
697 2655 756 2717 sibi
791 2654 1021 2735 significaverat.
1075 2658 1111 2719 Et
1144 2675 1214 2719 cum
1245 2658 1400 2720 accederet
1432 2657 1472 2720 ad

407 2743 537 2821 leonem,
562 2744 661 2823 rapuit
684 2744 786 2823 ipsum
802 2743 851 2807 leo
875 2748 905 2806 et
926 2744 1075 2807 interfecit
1096 2745 1193 2808 illum.
1224 2747 1261 2808 Et
1283 2746 1359 2809 dixit
1373 2747 1472 2827 vulpi:

407 2831 566 2895 Conserva
595 2832 711 2912 ipsum,
742 2832 842 2896 donec
871 2832 980 2895 vadam
1011 2838 1040 2897 et
1069 2834 1192 2897 abluam
1223 2853 1338 2915 corpus
1367 2854 1471 2898 meum

407 2921 489 2984 iuxta
511 2921 760 2985 informationem
784 2922 894 2985 medici
919 2922 990 2986 mei.
1022 2924 1151 2985 Etcum
1175 2924 1230 2986 iret
1244 2924 1293 2987 leo
1315 2924 1354 2987 ad
1371 2925 1472 2987 lavan-

406 3010 483 3073 dum
507 3028 547 3089 se,
572 3011 706 3074 comedit
727 3011 835 3091 vulpes
857 3028 948 3074 aures
970 3015 1000 3074 et
1014 3030 1068 3076 cor
1090 3012 1176 3075 asini.
1216 3014 1252 3075 Et
1274 3031 1344 3077 cnm
1361 3013 1474 3075 rediret

352 3118 393 3164 eoo
410 3100 458 3163 leo
489 3100 576 3162 dixit:
610 3100 673 3165 Ubi
704 3104 777 3163 sunt
806 3100 872 3163 eius
902 3100 1037 3163 auricule
1067 3104 1097 3162 et
1126 3102 1202 3164 cor?
1249 3103 1285 3163 Et
1313 3102 1474 3182 respondit

406 3189 527 3269 vulpes:
559 3189 641 3253 Scire
664 3189 758 3253 debes
782 3189 938 3269 quoniam,
966 3189 992 3252 si
1016 3189 1172 3252 habuisset
1194 3190 1345 3253 auriculas
1367 3194 1396 3253 et
1419 3208 1473 3253 cor

407 3278 521 3358 quibus
552 3297 601 3340 me
630 3278 796 3341 audivisset
830 3282 858 3340 et
892 3278 1097 3355 intellexisset,
1134 3297 1197 3343 non
1233 3279 1342 3341 itemm
1374 3278 1413 3341 ad
1443 3283 1472 3341 te

406 3361 555 3450 veluisset,
579 3372 743 3448 postquam
766 3368 806 3429 de
829 3385 923 3429 manu
946 3371 997 3429 tua
1020 3366 1168 3429 evasisset.

786 3513 835 3573 rr.
875 3510 929 3589 [=
952 3509 982 3572 s.
1007 3508 1093 3588 ata]

495 3632 685 3695 Adveniente
715 3638 815 3695 autem
846 3637 985 3714 tempore
1019 3637 1123 3713 partus
1156 3634 1304 3697 antedicte
1334 3634 1472 3698 mulieris

351 3738 393 3785 oso
408 3721 525 3801 peperit
558 3720 657 3783 filium
690 3722 830 3801 pulcrum
862 3726 892 3784 et
921 3722 1129 3785 delectabilem
1160 3740 1254 3803 super
1283 3741 1348 3802 quo
1377 3723 1471 3786 ambo

405 3810 502 3889 gavisi
525 3814 604 3873 sunt.
652 3810 688 3872 Et
710 3815 940 3873 consummatus
969 3811 1079 3873 diebus
1107 3812 1298 3891 purgationis
1326 3811 1471 3890 mulieris

406 3898 482 3961 dixit
504 3917 562 3961 suo
586 3899 706 3961 marito:
731 3898 811 3962 Sede
826 3898 876 3961 hic
891 3918 960 3961 cum
978 3917 1075 3979 puero
1091 3905 1125 3962 ut
1139 3900 1247 3963 vadam
1269 3900 1308 3963 ad
1325 3901 1470 3963 balneum

406 3992 435 4051 et
465 3988 624 4051 mundabo
656 4006 715 4052 me.
770 3988 805 4049 Et
834 3992 919 4068 patre
950 3993 1124 4051 remanente
1153 4008 1224 4052 cum
1256 4007 1367 4069 puero,
1402 4008 1472 4052 ecce

406 4077 488 4140 venit
518 4077 649 4139 nuncius
679 4077 759 4155 regis
790 4080 819 4138 et
847 4076 966 4139 vocavit
995 4094 1066 4137 eum
1100 4078 1139 4139 ad
1170 4096 1283 4157 regem.
1330 4078 1473 4140 Habebat

352 4184 393 4231 too
407 4170 507 4229 autem
539 4166 570 4227 in
602 4165 698 4228 domo
730 4182 835 4226 canem
867 4164 930 4242 qui,
965 4182 1035 4225 cum
1064 4165 1195 4228 vidisset
1228 4170 1399 4245 serpentem
1432 4167 1472 4229 de
