3584 4884
840 449 1058 506 -90-

417 620 552 684 debeol¹¹
601 619 672 694 Que
695 620 747 683 ait:
781 620 849 685 „De
873 621 934 684 hoc
963 620 1147 701 prouideb0,
1177 620 1305 700 quando
1329 621 1432 684 locum
1456 625 1485 682 et

417 713 539 789 tempus
562 709 674 772 habere
697 713 813 788 potero,
837 714 866 772 et
888 714 962 772 tune
983 727 1038 772 ore
1059 709 1099 772 ad
1120 727 1157 772 os
1178 709 1233 772 tibi
1258 709 1482 772 denunciabo.“

419 797 508 861 Miles
524 801 684 862 contentus
707 801 752 860 est
774 797 814 860 de
830 798 1045 878 promissione.
1079 799 1153 861 Vale
1168 799 1196 860 ei
1212 799 1290 876 feeit,
1313 798 1352 860 ad
1368 798 1485 860 curiam

418 887 609 966 imperatoris
632 886 771 966 perrexit
818 887 878 949 Die
905 905 980 950 vero
1007 887 1143 950 secunda
1172 887 1320 950 solarium
1350 886 1487 949 ascendit

363 993 404 1042 999
419 979 448 1038 et
470 974 600 1038 dulciter
628 979 747 1038 eantare
773 975 918 1055 [inlcepif.
965 976 992 1038 Α
1020 994 1091 1039 casu
1124 975 1302 1056 supervenit
1330 974 1486 1039 secundus

420 1063 507 1126 miles
529 1063 569 1127 de
592 1064 675 1127 curia
704 1063 904 1144 imperatoris,
935 1069 964 1127 et
991 1083 1062 1128 curn
1093 1065 1160 1128 eius
1189 1069 1311 1128 cantum
1343 1064 1485 1141 audisset,

419 1152 722 1232 raplBl.164r.)tus
745 1157 790 1215 est
812 1153 843 1214 in
867 1171 973 1217 amore
996 1154 1062 1217 eius
1082 1158 1111 1216 et
1126 1154 1165 1216 de
1180 1171 1286 1217 amore
1309 1152 1486 1216 inordinato

418 1241 516 1304 statim
541 1241 568 1304 ei
597 1242 781 1321 loquebatur
807 1246 837 1304 et
858 1242 946 1304 dixit:
989 1242 1183 1320 „Karissima
1221 1241 1297 1321 quid
1327 1242 1382 1304 tibi
1412 1241 1487 1303 darc

418 1329 518 1392 debeo
541 1329 580 1391 ad
609 1331 676 1408 hoe,
707 1334 739 1392 vt
768 1348 829 1392 vna
858 1335 947 1394 nocte
977 1336 1077 1394 tecum
1108 1331 1305 1395 dormiam?u
1352 1330 1392 1393 nt
1421 1330 1485 1392 illa:

363 1437 405 1485 999
423 1417 574 1484 „eentum
605 1419 743 1482 florenos
772 1424 802 1482 et
829 1437 892 1483 non
921 1420 1054 1483 minus.u
1103 1419 1168 1494 Qui
1198 1419 1297 1482 statim
1328 1419 1486 1497 concessit,

419 1506 473 1570 sed
502 1507 628 1586 quando
651 1508 756 1571 venire
786 1508 918 1585 deberet,
950 1513 983 1570 ut
1013 1509 1201 1572 uoluntatem
1232 1526 1320 1571 suam
1351 1526 1421 1571 eum
1450 1526 1487 1569 ea

419 1594 565 1675 impleret,
590 1596 752 1676 diligenter
775 1597 916 1676 quesiuit
958 1598 997 1659 nt
1019 1598 1082 1660 illa:
1109 1598 1179 1662 „De
1201 1606 1340 1677 tempore
1361 1601 1434 1678 apto
1457 1601 1488 1658 et

419 1685 488 1747 loco
511 1689 635 1761 secreto,
659 1685 699 1748 de
722 1685 782 1749 boe
809 1686 993 1766 prouidebo.
1023 1687 1109 1749 Vade
1131 1686 1170 1748 ad
1196 1686 1360 1765 [domum],
1384 1703 1423 1747 ne
1445 1686 1487 1748 ab

419 1773 600 1837 hominibus
630 1774 788 1836 videaris!¹
845 1775 897 1836 llle
927 1793 1001 1838 vero
1032 1776 1099 1838 vale
1128 1776 1155 1837 ei
1186 1775 1268 1851 fecit,
1298 1776 1338 1836 ad
1369 1774 1486 1836 curiam

364 1883 405 1930 son
420 1862 613 1943 imperatoris
637 1863 774 1942 perrexit
809 1863 916 1927 Tereia
938 1881 1012 1927 vero
1028 1864 1079 1927 die
1101 1864 1194 1927 simili
1218 1863 1315 1926 modo
1337 1863 1486 1926 solarium

419 1951 562 2029 aseendit,
586 1952 715 2014 dulciter
730 1957 848 2014 cantare
872 1953 992 2032 incepit.
1028 1954 1099 2016 lloc
1120 1953 1250 2015 audiens
1272 1952 1383 2014 tercius
1398 1951 1487 2014 miles

418 2039 457 2102 de
480 2041 564 2102 curia
587 2041 785 2121 imperatoris,
810 2042 863 2120 qui
885 2041 996 2104 eodem
1020 2042 1071 2103 die
1094 2042 1253 2104 transitum
1277 2059 1333 2120 per
1355 2039 1486 2102 eandem

418 2129 497 2190 viam
523 2129 593 2192 feeit
608 2148 626 2191 a
641 2148 721 2207 casu,
745 2131 821 2192 vltra
837 2149 929 2209 quam
947 2130 1028 2194 credi
1046 2135 1152 2211 potest,
1176 2131 1203 2192 ei
1220 2130 1382 2192 videbatur
1396 2129 1486 2205 mori,

419 2217 476 2279 nisi
501 2217 587 2297 prius
609 2237 679 2280 cum
712 2237 747 2280 ea
779 2219 964 2298 loqueretur.
1010 2219 1091 2283 Cum
1120 2237 1195 2281 vero
1226 2219 1346 2281 loeutus
1373 2222 1426 2295 est,
1457 2218 1486 2280 ei

364 2325 405 2371 suo
419 2305 474 2367 ait:
510 2305 702 2382 „Karissima
734 2324 797 2370 non
821 2312 866 2370 est
893 2309 925 2370 in
953 2309 1073 2371 mundo
1094 2313 1239 2384 ereatura,
1270 2325 1363 2387 quam
1388 2306 1488 2386 magis

420 2391 546 2473 diligo.u
602 2394 640 2456 Ar
676 2395 739 2457 illa:
778 2396 892 2460 „michi
928 2398 1008 2459 bene
1040 2398 1144 2478 placet
1198 2395 1258 2460 Sed
1290 2395 1367 2475 quid
1397 2395 1487 2458 dabis

419 2482 520 2558 michi,
544 2487 576 2544 vt
598 2483 652 2546 libi
676 2484 843 2546 concedam
860 2486 1048 2548 voluntalem
1072 2487 1198 2549 tuami¹¹
1234 2485 1274 2547 nt
1289 2485 1352 2547 ille:
1379 2483 1486 2558 „Quid

419 2572 521 2650 queris
545 2590 601 2651 pro
618 2577 707 2634 noete
722 2575 823 2635 vna?¹¹
861 2575 933 2648 Que
950 2575 1120 2655 respondit:
1147 2573 1300 2639 „Centum
1317 2573 1483 2636 florenos*¹

420 2658 483 2733 Qui
514 2660 566 2723 ait:
601 2662 763 2726 „Libenter
793 2662 847 2725 tibi
879 2662 970 2725 dabo
1017 2663 1077 2727 Sed
1108 2664 1159 2726 die
1189 2662 1291 2738 michi,
1322 2662 1486 2743 quomodo

364 2769 406 2815 ero
420 2752 520 2811 tecum
537 2754 645 2829 potero
661 2750 831 2814 dormire!n
865 2752 904 2813 At
919 2752 982 2814 illa:
1009 2751 1209 2816 „Prouidebo
1231 2756 1354 2831 tempus
1371 2755 1485 2831 aptum,

420 2838 547 2917 quando
570 2839 627 2901 erit
649 2841 741 2903 nobis
756 2841 827 2902 vtile
850 2841 917 2902 sine
939 2841 1123 2921 suspicione,
1147 2845 1177 2903 et
1199 2842 1259 2903 hoc
1282 2840 1313 2901 in
1337 2840 1433 2917 breui,
1457 2844 1488 2901 et

419 2926 491 2989 iunc
514 2928 569 2990 tibi
593 2929 740 2991 nuncium
766 2930 889 3006 mittam,
918 2931 965 2991 vel
990 2948 1044 2992 ore
1066 2929 1105 2992 ad
1129 2947 1166 2993 os
1192 2930 1247 2992 tibi
1271 2928 1399 2991 dicam!
1447 2928 1487 2990 Al

420 3015 482 3078 ille:
510 3017 704 3098 „Peroptime
728 3018 819 3081 miehi
844 3019 941 3098 placet
964 3020 1125 3099 responsio
1147 3023 1226 3080 tuau
1268 3017 1341 3080 Vale
1365 3017 1485 3094 effecit,

419 3105 458 3167 ad
482 3106 596 3168 curiam
621 3107 812 3186 imperatoris
829 3108 967 3187 perrexit
1007 3108 1055 3170 lsti
1080 3109 1136 3170 .lll.
1160 3107 1271 3169 milites
1292 3106 1337 3169 sic
1359 3105 1487 3169 domine

365 3211 406 3258 ars
422 3194 635 3274 loquebantur,
651 3196 736 3275 quod
754 3196 857 3259 nullus
873 3195 913 3258 de
929 3196 1046 3276 privato
1061 3197 1185 3258 alterius
1200 3195 1320 3258 sciebat
1350 3195 1488 3257 Domina
1577 3246 1581 3252 .

419 3301 501 3359 ver0,
537 3285 627 3363 plena
657 3286 773 3347 cautela
803 3289 832 3347 et
862 3286 993 3361 malicia,
1028 3286 1111 3347 venit
1140 3285 1179 3347 ad
1211 3285 1353 3346 maritum
1380 3301 1486 3360 suum,

419 3389 523 3434 senem
541 3373 676 3450 militem,
701 3379 729 3436 et
748 3374 799 3436 ait:
827 3375 993 3451 „Domine
1017 3374 1117 3436 habeo
1140 3373 1194 3436 tibi
1210 3376 1359 3436 secretum
1375 3371 1486 3449 dicere,

420 3459 488 3522 etsi
505 3461 675 3523 secundum
700 3463 862 3524 eonsilium
879 3481 983 3525 meum
1007 3463 1122 3540 feceris,
1145 3462 1184 3524 ad
1209 3479 1336 3541 magnas
1358 3461 1487 3524 diuieias

420 3552 581 3627 promotus
608 3550 680 3626 eris;
712 3555 740 3612 et
768 3551 828 3613 hoe
857 3551 1041 3630 indigemus,
1073 3551 1146 3630 quia
1173 3569 1322 3631 pauperes
1344 3564 1483 3613 sumus·

365 3653 406 3700 999
420 3635 459 3698 At
483 3637 544 3698 ille:
579 3637 629 3702 „0
653 3638 736 3701 bona
759 3638 893 3718 domina,
922 3641 1051 3702 libenter
1077 3640 1239 3702 eonsilium
1262 3644 1351 3702 tuum
1379 3657 1487 3719 perpe·

420 3725 515 3801 trab0,
548 3727 620 3805 quia
648 3745 771 3790 necesse
799 3733 878 3792 esset
905 3733 938 3790 ut
968 3728 1052 3791 bona
1079 3729 1290 3792 haberemus.“
1339 3727 1411 3802 Que
1433 3728 1486 3788 ait:

422 3814 500 3882 ‚‚.lll.
529 3815 638 3877 milites
666 3816 704 3878 de
735 3816 817 3878 curia
847 3817 1038 3896 imperatoris
1067 3817 1106 3879 ad
1137 3835 1187 3879 me
1214 3821 1375 3893 venerunt,
1406 3833 1487 3878 vnus

420 3907 490 3983 post
511 3903 615 3980 alium,
643 3905 683 3966 ita
705 3904 791 3985 quod
820 3906 925 3968 nullus
947 3906 1003 3968 seit
1025 3906 1064 3968 de
1090 3910 1207 3968 secreto
1230 3906 1362 3969 alterius.
1408 3905 1487 3978 Qui-

420 3992 493 4056 libet
516 3992 607 4056 offert
634 3995 725 4056 michi
750 3999 872 4056 eentum
896 3995 1042 4070 florenos,
1075 3995 1117 4073 [vt
1139 3994 1352 4057 condormiam
1376 3994 1403 4057 ei
1427 4011 1488 4055 vna

365 4099 406 4147 sao
422 4083 531 4162 noetel.
577 4082 609 4146 Si
638 4083 706 4146 illos
736 4087 886 4146 trecentos
915 4084 1053 4145 florenos
1083 4083 1274 4159 haberemus,
1304 4087 1334 4145 et
1360 4101 1420 4162 ego
1446 4083 1487 4145 ab

420 4172 464 4234 eis
487 4189 550 4235 non
580 4189 677 4234 essem
706 4172 835 4250 cognita,
868 4176 946 4233 esset
973 4170 1140 4250 prudencia
1168 4186 1307 4248 magnau
1356 4171 1396 4233 nt
1422 4171 1485 4233 ille:

491 4448 763 4598 A
