3584 4884
746 380 990 436 -103—

738 576 767 633 2.
806 568 859 648 [=
884 568 914 632 s
940 568 1003 648 sa]

421 726 504 790 Cum
528 727 603 790 olim
629 726 839 794 Romanorum
869 745 918 790 res
947 727 1071 808 publica
1100 727 1272 791 admodum
1299 727 1402 792 adhuc

326 815 432 879 tenuis
460 816 519 878 sub
549 815 658 896 primis
689 816 814 895 regibus
843 820 992 896 ageretur,
1023 835 1077 878 rex
1107 816 1233 896 quidam
1266 817 1402 881 moriens

272 921 315 967 225
330 923 465 984 regnum
490 904 556 968 tilio
579 904 684 967 adhuc
704 904 897 968 adolescente
921 904 1092 984 dereliquit.
1139 904 1278 985 Contigit
1299 910 1401 969 autem

328 1012 370 1057 eo
401 998 555 1072 regnante,
592 994 679 1072 quod
715 994 898 1074 plerumque
928 995 959 1056 in
991 995 1159 1058 mutatione
1196 1013 1304 1074 regum
1334 995 1402 1058 fieri

327 1083 416 1160 solet,
453 1082 568 1144 turbari
603 1083 716 1145 scilicet
747 1082 958 1150 Romanorum
988 1101 1129 1162 regnum,
1164 1083 1272 1146 urbem
1304 1084 1402 1164 ipsam

329 1171 548 1235 obsidentibus
579 1170 719 1234 inimicis.
766 1172 888 1234 Peracta
919 1190 993 1235 vero
1024 1172 1188 1235 obsidione
1219 1173 1250 1234 in
1281 1189 1403 1236 menses

329 1260 486 1340 plurimos
509 1265 656 1340 ceperunt
685 1260 766 1326 cives
788 1261 868 1323 tame
891 1261 993 1322 valida
1023 1261 1170 1337 laborare,
1201 1278 1296 1342 porro
1325 1261 1402 1324 dum

276 1367 316 1412 aaa
330 1349 457 1412 cottidie
481 1349 556 1412 toris
586 1366 691 1429 pugne
722 1350 804 1412 intus
834 1349 961 1412 timores
983 1355 1091 1426 essent,
1123 1350 1282 1429 famesque
1305 1350 1403 1430 magis

329 1457 366 1501 ac
397 1437 498 1517 magis
527 1437 756 1516 ingravesceret,
787 1457 840 1500 rex
870 1439 920 1500 ille
951 1437 1131 1501 adolescens
1160 1457 1197 1501 ex
1227 1438 1402 1520 principum

329 1545 462 1590 suorum
487 1526 626 1603 consilio,
658 1527 710 1606 qui
740 1527 878 1590 eiusdem
911 1528 995 1590 etatis
1017 1545 1052 1590 ac
1075 1527 1229 1607 sapientie,
1259 1527 1348 1590 cuius
1375 1532 1405 1590 et

330 1617 398 1696 ipse
415 1621 508 1692 erant,
524 1615 680 1678 decretum
697 1616 800 1696 posuit
815 1617 846 1678 in
863 1617 949 1693 urbe,
973 1620 1006 1678 ut
1021 1616 1124 1679 omnis
1139 1633 1249 1678 senum
1265 1616 1403 1679 virorum

330 1723 368 1767 ac
390 1704 557 1766 mulierum
582 1709 643 1767 etas
666 1705 862 1782 occideretur,
890 1704 1039 1784 indignos
1060 1705 1146 1767 aiens
1168 1722 1235 1767 esse
1257 1705 1318 1768 vita
1340 1722 1403 1782 eos,

277 1810 318 1856 aas
332 1793 388 1872 qui
413 1811 472 1856 nec
486 1793 594 1856 urbem
611 1793 688 1855 tueri
705 1798 838 1873 possent,
855 1811 912 1856 nec
931 1811 1055 1873 pascere
1071 1811 1219 1855 manuum
1236 1793 1403 1870 laboribus,

331 1886 514 1961 tantumque
538 1882 597 1944 cibi
614 1886 769 1944 sumerent
784 1882 914 1959 cottidie,
939 1887 1087 1962 quantum
1108 1882 1238 1961 quilibet
1252 1882 1403 1945 fortiores.

333 1971 398 2034 lios
422 1989 504 2046 vero,
529 1971 582 2050 qui
607 1975 746 2050 parentes
761 1989 836 2034 suos
852 1972 918 2034 neci
934 1971 1155 2048 subtraherent,
1180 1971 1314 2051 precepit
1333 1989 1403 2033 cum

332 2059 412 2138 ipsis
443 2060 619 2139 parentibus
648 2061 755 2122 mortis
784 2060 931 2122 sententie
961 2060 1126 2123 subiacere.
1172 2059 1405 2122 Trucitabantur

332 2166 411 2227 ergo
447 2152 587 2228 parentes
617 2166 634 2210 a
664 2148 737 2211 tiliis
766 2149 834 2212 sine
863 2149 1081 2224 misericordia,
1113 2152 1142 2210 et
1171 2147 1257 2227 quod
1288 2147 1403 2210 dictum

278 2254 318 2300 240
333 2254 464 2316 quoque
487 2237 685 2314 horrendum,
717 2238 836 2300 nullum
861 2237 1012 2300 seviorem
1037 2238 1156 2301 hostem
1187 2241 1279 2317 pater,
1310 2254 1403 2316 quarn

333 2326 446 2403 tilium,
477 2325 633 2388 sentiebat.
680 2327 811 2388 Tantum
834 2331 936 2388 autem
968 2326 1025 2389 hec
1047 2326 1209 2388 crudelitas
1232 2326 1338 2406 potuit,
1369 2331 1405 2387 ut

334 2414 443 2477 nullus
467 2415 498 2476 in
528 2418 590 2478 tota
613 2415 690 2478 urbe
720 2415 813 2477 huius
836 2415 921 2478 etatis
944 2419 1073 2477 mortem
1098 2414 1246 2491 evaderet,
1278 2419 1405 2495 excepto

334 2521 402 2566 uno
426 2503 560 2582 sapiente
585 2521 665 2581 sene,
699 2504 752 2583 qui
776 2523 794 2566 a
815 2504 891 2581 tili0,
922 2522 1020 2566 uxore
1041 2508 1158 2566 tanturn
1182 2504 1312 2579 conscia,
1343 2522 1405 2582 que

333 2593 397 2655 hoc
420 2597 569 2655 secretum
593 2609 626 2655 se
650 2593 820 2656 habituram
844 2598 1035 2656 sacramento
1057 2592 1344 2671 firma[153⁶]verat
1372 2592 1404 2654 in

278 2697 319 2743 aas
334 2699 430 2761 specu
455 2681 654 2744 subterraneo
677 2682 808 2745 salvatus
830 2687 884 2745 est.
922 2681 1086 2744 lntertectis
1110 2681 1202 2761 igitur
1224 2681 1348 2757 cunctis,
1372 2681 1404 2742 iu

334 2769 454 2849 quibus
487 2770 571 2832 velut
604 2770 679 2833 solis
711 2771 800 2833 iubar
832 2770 980 2851 sapientia
1014 2769 1197 2850 refulgebat,
1234 2787 1298 2832 non
1334 2773 1405 2849 post

334 2859 469 2921 multum
493 2863 614 2938 tempus
638 2860 713 2922 urbs
740 2860 779 2922 ab
803 2860 968 2923 obsidione
992 2878 1066 2940 pace
1094 2859 1172 2922 inter
1194 2877 1227 2921 se
1250 2863 1279 2920 et
1301 2858 1404 2922 hostes

334 2947 489 3010 mediante
504 2947 604 3010 soluta
623 2952 675 3011 est.
712 2948 775 3016 Rex
794 2953 895 3010 autern
920 2948 970 3010 ille
985 2948 1164 3011 adolescens
1187 2966 1258 3010 cum
1282 2947 1403 3008 nullum

333 3037 503 3116 sapientem
539 3037 644 3116 legum
684 3037 821 3116 iurisque
855 3038 987 3117 peritum
1022 3036 1230 3100 consiliarium
1270 3036 1402 3112 haberet,

279 3142 320 3188 aso
336 3126 462 3188 haberet
476 3129 576 3188 autem
593 3125 707 3188 multos
723 3126 875 3189 malorum
892 3127 1071 3203 incentores,
1088 3129 1250 3188 coetaneos
1265 3124 1405 3187 videlicet

333 3232 419 3294 suos,
443 3215 496 3293 qui
521 3233 591 3276 eum
615 3232 719 3277 secum
744 3215 775 3276 in
797 3233 890 3278 omne
914 3215 1031 3294 nephas
1054 3215 1215 3293 scelusque
1237 3213 1403 3292 trahebant,

333 3303 416 3383 cepit
439 3303 543 3365 omnia
573 3321 763 3384 corumpere,
797 3303 926 3366 libidine
955 3322 1013 3384 pro
1037 3304 1154 3366 ratione
1181 3302 1233 3379 uti,
1265 3320 1404 3365 exercere
1512 3351 1516 3357 .

334 3392 367 3454 in
392 3391 535 3455 subditos
557 3392 732 3469 tirannides,
757 3392 882 3456 insidias
903 3392 1069 3472 inequales,
1097 3396 1208 3472 putans
1231 3391 1290 3454 sibi
1315 3391 1404 3454 licere

335 3479 485 3560 quicquid
516 3481 621 3543 animo
652 3481 822 3560 placuisset.
876 3482 1000 3560 lamque
1031 3480 1221 3543 venerabiles
1251 3481 1334 3560 leges
1363 3481 1403 3544 ab

280 3586 321 3632 255
337 3587 396 3632 usu
421 3569 603 3647 deciderant,
635 3588 691 3633 nec
718 3569 889 3633 secundum
914 3589 965 3633 eas
994 3570 1197 3632 tractabantur
1220 3587 1317 3646 cause,
1348 3570 1403 3632 sed

334 3659 441 3738 sepius
466 3658 535 3721 iusti
558 3677 680 3721 causam
696 3659 744 3721 vel
761 3659 903 3721 meritum
920 3659 1044 3722 tollebat
1059 3659 1181 3738 impius,
1205 3662 1234 3720 et
1254 3659 1404 3722 innocens

335 3747 436 3826 iniqui
460 3747 614 3810 fortunam
638 3747 812 3810 sustinebat.
848 3747 1135 3827 Corrumpebantur
1150 3747 1226 3809 boni
1250 3765 1352 3810 mores
1375 3754 1405 3810 et

335 3835 408 3898 vitia
442 3854 500 3916 pro
532 3836 694 3899 virtutibus
729 3837 915 3899 colebantur.
963 3838 995 3898 ln
1028 3836 1084 3899 hac
1114 3853 1189 3915 ergo
1220 3836 1403 3899 contusione

336 3925 498 3988 constituta
521 3925 596 3988 urbs
618 3931 757 4004 terraque
781 3925 823 3986 illi
854 3925 989 3988 subiecta
1012 3925 1051 3987 de
1074 3943 1107 3987 se
1130 3942 1251 4003 suoque
1274 3943 1345 4003 rege
1368 3943 1404 3986 ac

282 4029 322 4074 aaa
337 4013 530 4094 principibus
565 4014 675 4076 dolens
707 4013 807 4076 dicere
837 4014 1016 4092 cogebatur,
1052 4014 1137 4092 quod
1173 4013 1248 4076 olim
1281 4012 1403 4091 sapiens

335 4101 466 4165 dixerat:
499 4103 551 4179 Ve,
583 4102 734 4181 inquiens,
765 4107 850 4180 terre,
882 4103 970 4165 cuius
998 4121 1050 4164 rex
1081 4120 1158 4180 puer
1184 4105 1229 4162 est
1256 4105 1285 4162 et
1315 4100 1403 4163 cuius
