3584 4884
851 478 1069 534 ..60-

427 650 576 714 amasium
601 649 653 729 qui
684 649 794 728 agebat
816 667 887 712 cum
911 668 956 712 ea.
1005 651 1134 712 Etcum
1157 649 1311 729 signatum
1334 654 1414 713 esset
1434 667 1494 713 suo

427 740 494 804 viro
524 757 543 800 a
572 738 663 801 sociis
694 742 723 800 et
757 738 1008 817 consanguineis,
1043 738 1142 801 voluit
1170 738 1217 800 vir
1247 738 1403 819 inquirere
1434 739 1496 801 hoc

428 830 540 892 lactum
564 827 726 907 diligenter
756 831 789 889 ut
811 827 870 890 sibi
895 827 974 890 clare
1002 831 1170 890 notesceret
1192 827 1302 890 veritas
1324 828 1418 890 huius
1441 827 1494 905 rei,

372 936 413 983 uss
429 922 457 981 et
480 916 602 980 credere
632 934 695 979 non
725 915 823 979 voluit
853 915 892 979 de
920 916 999 979 lacto
1026 916 1133 979 uxoris
1162 916 1210 979 sui
1233 916 1292 978 nisi
1315 915 1432 979 videret
1453 916 1493 978 ad

427 1006 562 1071 oculum.
611 1005 695 1067 Dixit
725 1005 752 1068 ei
781 1006 915 1085 quadam
943 1004 994 1067 die
1024 1010 1058 1067 ut
1087 1009 1204 1085 pararet
1234 1004 1261 1067 ei
1289 1005 1392 1068 cibum
1421 1005 1495 1084 quia

429 1094 605 1158 intendebat
628 1094 671 1156 ire
694 1094 733 1157 ad
758 1093 951 1174 operandum
975 1094 1006 1155 in
1030 1094 1089 1156 alia
1111 1098 1198 1170 terra,
1221 1094 1252 1155 in
1272 1094 1369 1157 domo
1392 1095 1494 1157 cuius·

427 1186 498 1248 darn
530 1183 651 1261 nobilis,
687 1188 716 1245 et
747 1182 789 1245 ibi
822 1183 964 1263 pluribus
994 1182 1106 1245 diebus
1133 1200 1252 1245 moram
1282 1182 1410 1245 trahere.
1458 1184 1496 1245 Et

427 1273 556 1337 audiens
579 1273 636 1335 hec
659 1272 769 1335 mulier
799 1272 886 1335 letata
916 1275 961 1335 est
983 1271 1080 1334 valde.
1128 1273 1164 1334 Et
1193 1276 1298 1353 parato
1326 1272 1386 1334 sibi
1412 1272 1493 1349 cib0,

372 1379 413 1425 uso
429 1362 520 1425 exivit
557 1360 597 1423 de
634 1361 731 1424 domo
760 1364 789 1423 et
821 1360 863 1423 ait
896 1361 999 1424 uxori:
1036 1360 1169 1424 Custodi
1197 1361 1276 1423 bene
1306 1360 1436 1423 domum
1465 1365 1495 1422 et

428 1450 507 1513 habe
532 1453 709 1530 potestatem
733 1467 899 1529 quousque
922 1448 1041 1513 redibo.
1078 1452 1206 1512 Etcum
1230 1449 1292 1512 ibat
1314 1449 1495 1529 respiciebat

429 1543 498 1620 post
527 1556 597 1601 eum
631 1538 743 1600 mulier
772 1537 873 1601 donec
907 1539 1143 1619 prolongaretur
1173 1557 1192 1600 a
1223 1537 1329 1615 domo,
1364 1542 1393 1600 et
1421 1556 1492 1601 cum

427 1628 538 1691 rediret
561 1627 672 1689 mulier
693 1626 732 1689 ad
756 1627 896 1705 domum,
920 1627 1044 1690 latitavit
1058 1628 1106 1689 vir
1127 1628 1159 1689 in
1175 1626 1313 1707 quodam
1333 1627 1403 1690 loco
1423 1631 1495 1707 post

428 1718 550 1781 ianuam
567 1716 688 1779 domus.
724 1716 822 1779 Nocte
836 1734 911 1779 vero
926 1716 1051 1779 accessit
1070 1716 1125 1779 iste
1140 1716 1272 1779 suaviter
1285 1715 1325 1778 ad
1341 1734 1492 1779 cameram

371 1822 413 1869 aaa
428 1811 458 1869 et
484 1823 517 1869 se
546 1807 606 1869 sub
634 1806 744 1868 lectum
776 1805 939 1868 intromisit
968 1806 999 1867 in
1030 1823 1095 1885 quo
1127 1805 1185 1885 ipsi
1215 1805 1312 1867 iacere
1342 1804 1492 1868 solebant.

428 1895 540 1959 Mulier
566 1912 649 1971 vero,
681 1894 825 1957 estimans
852 1894 954 1974 ipsum
983 1894 1151 1970 recessisse,
1182 1893 1264 1957 misit
1291 1911 1349 1973 pro
1376 1894 1493 1957 amasio

428 2002 487 2047 suo
511 1983 689 2065 significans
712 1984 749 2060 ei,
777 1982 863 2063 quod
887 1983 935 2045 vir
961 2000 1037 2046 suus
1064 2001 1140 2068 non
1157 1985 1220 2045 erat
1246 1983 1278 2045 in
1302 1982 1408 2047 domo.
1454 1982 1494 2044 At

427 2074 477 2136 ille
508 2090 578 2136 cum
609 2074 749 2150 venisset,
782 2072 983 2135 comederunt
1010 2076 1040 2134 et
1070 2071 1216 2134 biberunt
1242 2075 1272 2134 et
1301 2071 1394 2134 locuti
1421 2075 1494 2134 sunt

429 2162 596 2242 parabolas
621 2166 726 2241 postea
748 2178 823 2225 vero
846 2162 967 2224 iverunt
988 2160 1028 2223 ad
1052 2160 1171 2223 lectum.
1205 2161 1241 2222 Et
1262 2159 1337 2222 dum
1362 2160 1494 2223 iacerent

372 2269 413 2315 eoo
429 2251 459 2312 in
484 2250 569 2327 lect0,
599 2250 716 2313 audivit
738 2250 786 2313 vir
808 2250 914 2313 omnia
937 2268 998 2329 que
1024 2250 1168 2329 agebant,
1199 2253 1321 2311 etcum
1344 2248 1495 2312 dormiret

427 2338 641 2419 paterfamilias
664 2338 793 2401 revolvit
819 2358 852 2401 se
875 2343 905 2402 et
927 2339 1063 2401 extendit
1085 2338 1195 2419 pedem
1219 2342 1302 2400 extra
1325 2338 1435 2400 lectum
1460 2338 1492 2400 in
1516 2384 1520 2391 .

426 2445 548 2491 somno.
584 2426 697 2490 Mulier
718 2445 793 2490 vero
816 2428 951 2491 sentiens
965 2428 1124 2508 strepitum
1148 2427 1215 2490 eius
1237 2427 1383 2507 cognovit
1405 2426 1492 2506 quod

427 2516 552 2579 maritus
575 2516 642 2579 eius
664 2521 734 2578 erat
771 2518 807 2579 Et
829 2517 962 2580 excitans
985 2517 1044 2579 cito
1067 2534 1159 2579 suum
1182 2515 1332 2579 amasium
1356 2515 1432 2577 dixit
1450 2515 1492 2579 ei:

381 2652 384 2658 -
426 2605 497 2669 Scio
520 2605 668 2685 quoniam
692 2606 819 2669 maritus
842 2624 931 2669 meus
953 2606 1013 2669 sub
1029 2605 1106 2668 lecto
1122 2609 1178 2682 est;
1202 2622 1286 2668 nunc
1307 2605 1382 2668 volo
1405 2604 1492 2684 quod

371 2715 413 2762 ooo
427 2696 485 2757 alta
514 2712 591 2757 voce
621 2712 732 2774 queras
762 2713 781 2757 a
811 2713 873 2757 me:
904 2694 1008 2769 Quem
1039 2694 1110 2774 plus
1138 2693 1250 2773 diligis,
1280 2698 1333 2756 aut
1361 2712 1412 2756 me
1441 2699 1494 2756 aut

428 2783 570 2845 maritum
593 2787 690 2846 tuum
737 2784 865 2847 Etcum
890 2783 1043 2847 noluerim
1067 2782 1122 2845 tibi
1145 2782 1254 2859 dicere,
1278 2783 1383 2845 insiste
1405 2800 1424 2845 a
1443 2800 1493 2845 me

427 2890 556 2953 querere
590 2871 691 2935 donec
725 2872 840 2937 dixero.
895 2874 931 2935 Et
964 2890 1034 2935 cum
1070 2871 1121 2934 ille
1155 2871 1370 2951 interrogasset
1399 2871 1492 2948 illam,

427 2961 587 3043 respondit
609 2962 649 3024 ei:
681 2960 786 3035 Quare
810 2962 914 3041 queris
937 2962 1037 3024 hoca
1060 2961 1132 3023 me?
1155 2960 1309 3040 numquid
1333 2964 1430 3041 putas,
1453 2978 1494 3023 ne

426 3052 465 3114 sit
492 3051 563 3131 quis
592 3050 675 3131 apud
703 3069 753 3113 me
783 3050 912 3113 dilectus
939 3054 969 3112 et
1000 3068 1088 3113 carus
1117 3050 1196 3112 sicut
1226 3067 1314 3112 meus
1344 3049 1493 3113 maritus?

371 3160 413 3207 oro
429 3141 495 3203 Nos
533 3144 633 3203 autem
673 3139 852 3203 huiusmodi
891 3139 1036 3202 mulieres
1070 3156 1135 3201 non
1170 3137 1329 3217 diligimus
1359 3138 1493 3201 amasios

429 3234 559 3307 nostros,
576 3229 634 3292 nisi
651 3232 800 3309 quantum
817 3228 1041 3309 adimpleamus
1062 3230 1197 3290 nostram
1214 3227 1491 3307 concupiscentiam

429 3336 577 3398 personas
599 3336 707 3381 eorum
732 3336 796 3382 non
821 3318 1016 3399 respicientes
1046 3333 1148 3395 neque
1170 3333 1273 3379 mores
1296 3334 1353 3379 nec
1374 3315 1492 3395 aliquid

328 3447 334 3458 -
426 3424 534 3469 eorum
567 3407 807 3484 considerantes;
846 3409 1057 3471 consummata
1086 3422 1161 3467 vero
1196 3408 1300 3468 nostra
1328 3405 1492 3483 voluntate,

427 3494 603 3558 efficiuntur
625 3496 656 3558 in
680 3496 778 3559 oculis
802 3496 915 3559 nostris
936 3496 1015 3559 sicut
1029 3494 1119 3557 ceteri
1134 3493 1278 3556 homines
1300 3493 1341 3556 de
1363 3494 1492 3557 mundo.

371 3601 412 3647 aas
428 3583 556 3646 Maritus
583 3602 710 3664 quoque
738 3585 848 3647 melior
872 3584 939 3665 [est]
964 3582 1085 3646 mulieri
1113 3600 1206 3661 quam
1235 3586 1320 3662 pater
1345 3586 1376 3645 et
1397 3587 1494 3645 mater

426 3677 456 3735 et
476 3672 583 3735 iratres
605 3678 635 3735 et
656 3674 725 3750 filii;
748 3678 830 3736 totus
853 3691 988 3753 namque
1011 3673 1143 3735 laboret
1165 3671 1232 3734 eius
1247 3671 1375 3734 intentio
1398 3670 1492 3735 estin

426 3760 499 3841 ipsa.
536 3762 572 3823 Et
594 3765 754 3842 propterea
777 3762 974 3826 maledicatur
996 3778 1192 3841 quecumque
1207 3759 1326 3838 mulier,
1349 3778 1411 3839 que
1427 3778 1491 3823 non

425 3848 525 3928 diligit
552 3850 649 3930 magis
677 3850 768 3913 vitam
797 3851 895 3913 mariti
923 3850 971 3914 sui
1003 3868 1096 3930 quam
1126 3850 1219 3911 vitam
1246 3848 1408 3929 suiipsius!
1457 3850 1493 3911 Et

425 3938 554 4002 audiens
576 3940 624 4002 vir
645 3957 721 4002 suus
748 3940 804 4003 hec
830 3940 932 4022 verba,
963 3937 1092 4002 contidit
1114 3938 1145 3999 in
1169 3956 1275 4001 amore
1301 3956 1361 4000 suo
1383 3956 1421 4000 ex
1444 3938 1492 4001 his

371 4047 413 4093 sao
427 4046 488 4108 que
510 4028 667 4094 audiverat
689 4028 728 4091 ab
752 4047 794 4107 ea,
818 4028 924 4091 dicens
947 4028 978 4090 in
997 4026 1091 4091 corde
1106 4043 1178 4089 suo:
1203 4026 1296 4089 Nunc
1316 4028 1381 4089 scio
1404 4026 1491 4107 quod

425 4134 505 4180 uxor
527 4134 596 4179 mea
617 4116 717 4195 diligit
740 4135 789 4179 me
812 4118 901 4179 valde
923 4120 988 4180 toto
1011 4114 1107 4179 corde
1128 4120 1158 4177 et
1181 4118 1292 4177 mente.
1339 4116 1375 4177 lit
1402 4116 1493 4178 iacuit

425 4206 484 4270 sub
508 4205 585 4268 lecto
609 4205 640 4267 in
664 4222 815 4281 auroram,
846 4208 875 4265 et
896 4204 1030 4267 amasius
1060 4220 1131 4265 cum
1154 4220 1210 4265 sua
1237 4221 1334 4266 uxore
1357 4204 1389 4265 in
1414 4204 1492 4268 lecto
