3584 4884
837 419 1080 477 —186-

426 606 492 654 non
513 588 666 669 credebat,
687 594 789 654 tamen
811 591 845 653 in
867 590 956 655 nullo
971 591 1170 671 discredebat,
1193 597 1223 656 et
1245 594 1285 656 ita
1306 598 1335 657 et
1357 593 1492 659 intactis

370 696 414 742 us
427 684 458 743 et
479 678 512 741 in
534 678 598 743 tide
620 679 757 745 melioris
778 679 970 745 condicionis
992 686 1056 745 erat
1077 681 1129 747 eis
1486 732 1487 736 ,

804 824 854 886 rs.
904 822 957 903 [ε
983 822 1013 889 S.
1040 822 1122 903 ist]

512 945 627 1009 Audivi
653 964 673 1008 a
699 945 837 1027 quodam
864 946 963 1025 tratre,
993 948 1048 1027 qui
1079 952 1108 1010 et
1136 948 1282 1029 scriptum
1312 966 1345 1011 se
1374 948 1490 1013 vidisse

423 1035 584 1111 asserebat,
614 1034 702 1115 quod
730 1035 858 1116 quidam
889 1036 978 1100 miles
1005 1036 1100 1115 diveS,
1128 1036 1258 1117 iuvenis,
1287 1037 1432 1101 delicatus
1459 1042 1491 1102 et

426 1123 572 1187 bombus
599 1124 712 1205 incepit
740 1124 874 1205 cogitare
900 1124 940 1188 de
967 1126 1097 1189 vanitate
1126 1126 1244 1204 mundi,
1275 1131 1305 1189 et
1326 1126 1490 1206 quomodo

423 1211 475 1275 vix
495 1216 550 1277 aut
571 1230 732 1293 nunquam
754 1218 858 1295 posset
880 1214 913 1277 in
936 1218 1013 1278 statu
1037 1215 1090 1279 illo
1113 1215 1229 1294 salvari,
1252 1219 1283 1279 el
1304 1215 1389 1295 quod
1408 1216 1489 1279 beati
1524 1248 1527 1255 ·

368 1318 411 1367 eso
424 1306 511 1365 aaut
524 1319 683 1383 pauperes,
706 1302 846 1383 lugentes
867 1308 898 1365 et
919 1303 1151 1367 tribulacionem
1175 1304 1335 1385 pacientes.
1372 1304 1490 1369 Volens

424 1394 545 1471 pembr
565 1407 623 1455 sua
644 1392 750 1471 lugere
771 1395 801 1455 et
822 1391 959 1455 divinam
975 1392 1222 1457 consolacionem
1245 1393 1413 1473 promereri
1433 1410 1489 1474 per

423 1480 550 1557 luctum,
580 1478 706 1543 htenter
734 1479 881 1545 recedens
907 1499 926 1545 a
955 1482 1050 1562 patria
1071 1498 1135 1560 sua,
1165 1482 1249 1545 venit
1271 1481 1489 1546 Constantino·

423 1568 533 1649 polim.
569 1569 602 1632 ln
625 1569 693 1649 ejus
714 1568 839 1633 introitu
862 1569 979 1633 invenit
1001 1588 1167 1651 pauperem
1191 1570 1414 1649 carbonarium,
1437 1572 1488 1634 cui

423 1658 623 1723 commutavit
654 1662 754 1723 vastes
785 1675 857 1722 suas
891 1658 991 1723 bonas
1024 1676 1082 1739 pro
1116 1660 1181 1723 suis
1214 1660 1328 1740 pravis;
1363 1659 1487 1739 intrans,

368 1746 497 1811 iniecit
517 1764 552 1811 se
572 1746 700 1811 fatuum.
748 1747 798 1811 De
818 1746 871 1811 die
892 1766 912 1811 a
934 1748 1038 1829 pueris
1067 1748 1275 1828 instigabatur,
1306 1748 1490 1812 irridebatur

421 1840 453 1899 et
473 1836 686 1917 flagellabatur
707 1836 925 1915 miserabiliter,
949 1837 992 1900 nil
1006 1854 1061 1901 eos
1076 1836 1194 1915 ledeos,
1218 1837 1258 1901 de
1274 1841 1370 1914 nocte,
1393 1855 1489 1919 super

423 1924 579 1989 finnrium
592 1924 705 2005 boens
727 1926 904 2006 invigilabat
918 1926 1002 1989 fletui
1018 1930 1048 1989 et
1070 1926 1218 2003 oracioni;
1241 1927 1282 1989 de
1303 1926 1355 1989 die
1369 1926 1489 1990 redibat
1540 1978 1545 1985 .

422 2013 462 2077 ad
483 2032 619 2095 agonem
640 2020 671 2078 et
698 2014 866 2079 ludibrium
888 2032 1067 2095 puerorum.
1113 2014 1194 2079 Cum
1218 2019 1319 2079 autem
1342 2014 1407 2078 duo
1429 2015 1486 2077 tilii

423 2102 617 2184 imperatoris
638 2103 682 2167 ibi
705 2104 864 2184 litigarent,
893 2104 997 2168 minor
1023 2104 1135 2167 occidit
1162 2104 1323 2183 majorem
1353 2104 1415 2183 qui,
1445 2104 1485 2167 ad

367 2209 410 2256 tao
424 2192 567 2255 ultimum
589 2197 802 2274 compunctus,
825 2193 879 2255 ivit
893 2192 1032 2261 Romam.
1067 2192 1212 2273 Cumque
1227 2211 1306 2275 papa
1321 2192 1488 2257 remisisset

421 2280 461 2345 ad
484 2281 684 2361 patrimclram
706 2299 809 2358 suum,
838 2282 893 2362 qui
924 2282 1006 2345 misit
1034 2300 1105 2345 eum
1133 2282 1171 2345 ad
1203 2281 1368 2362 quemdam
1400 2282 1486 2345 here-

421 2368 526 2433 mimm
549 2369 729 2450 Egypcium,
752 2370 804 2433 ille
826 2370 909 2433 misit
929 2388 1001 2433 eum
1024 2369 1063 2434 ad
1086 2375 1251 2435 extremam
1274 2376 1389 2452 partem
1412 2371 1486 2434 soli-

420 2456 537 2522 tudinis
560 2458 736 2539 Egypciaoe,
765 2458 806 2521 ad
836 2458 1002 2538 quemdam
1033 2459 1127 2522 alium
1158 2460 1231 2524 tanti
1261 2460 1367 2537 meriti,
1398 2459 1484 2539 quod

421 2546 543 2611 crebras
576 2546 709 2611 babebat
737 2545 858 2611 divinas
892 2547 1097 2611 revelaciones
1126 2552 1156 2612 et
1183 2548 1432 2626 consolaciones,
1455 2552 1486 2611 ct

365 2652 409 2701 uo
422 2635 554 2717 singulis
574 2636 687 2700 diebus
708 2636 797 2717 panis
818 2636 936 2699 oelestis
958 2636 1131 2699 mittebatur
1153 2637 1189 2700 ei
1224 2636 1284 2701 Cui
1306 2655 1376 2700 cum
1400 2655 1485 2700 reue-

421 2725 516 2789 iatum
546 2730 626 2789 asset
657 2724 699 2790 de
730 2724 864 2789 aduentu
897 2725 973 2805 ejus,
1007 2726 1194 2806 precucurrit
1222 2726 1261 2789 ad
1292 2744 1376 2789 eum:
1410 2730 1484 2789 tunc

421 2814 512 2897 panis
539 2814 585 2879 eis
605 2814 647 2879 ab
667 2814 781 2896 angelo
810 2813 985 2896 duplicatus
1014 2814 1153 2892 mittitur;
1188 2819 1257 2895 post
1287 2814 1482 2878 relectionem

421 2913 569 2982 muman,
600 2904 756 2986 colloquia
776 2908 808 2967 et
827 2904 995 2982 oraciones,
1020 2904 1089 2967 Deo
1113 2904 1271 2981 revelante,
1301 2903 1390 2966 mittit
1411 2921 1482 2966 eum

419 2993 460 3057 ad
483 2993 610 3058 militem
632 2994 758 3073 dicmur,
787 2993 843 3074 qui
864 3010 899 3057 se
920 2993 1038 3057 fatuum
1062 2993 1208 3073 lingebat,
1233 2996 1262 3055 et
1283 2991 1388 3055 docuit
1410 3010 1481 3055 eum

365 3082 498 3164 uoquid
531 3082 657 3161 iaceret,
691 3087 721 3146 et
754 3082 841 3163 quod
876 3083 990 3147 dictum
1026 3082 1151 3145 militem
1186 3080 1334 3143 inveniret
1366 3080 1397 3143 in
1431 3082 1481 3144 tali

420 3171 551 3235 timario.
610 3170 675 3247 Qui
713 3172 795 3235 venit
828 3170 1129 3251 Constantinopolim
1162 3170 1300 3249 latenter,
1338 3174 1367 3233 et
1404 3170 1482 3233 circa

419 3260 555 3343 primum
578 3278 747 3342 sompnum
770 3260 854 3324 venit
874 3260 915 3323 ad
938 3260 1054 3324 dictum
1077 3259 1241 3322 limarium.
1276 3259 1367 3323 Videt
1387 3277 1480 3339 quem

419 3350 566 3429 querebat
586 3354 762 3430 surgentem
784 3354 815 3413 et
836 3353 959 3413 euntem
985 3348 1025 3412 ad
1048 3349 1204 3413 ecclesiam
1228 3348 1335 3413 sande
1357 3346 1480 3429 Sophie,

418 3444 449 3503 et
461 3438 544 3503 videt
558 3438 640 3503 duos
654 3438 768 3503 choros
782 3438 981 3519 psallencium
998 3455 1069 3501 eum
1086 3437 1289 3519 precedentes,
1312 3436 1481 3518 aperientes
1526 3490 1527 3495 ,

362 3544 405 3592 tu
419 3527 577 3591 ecclesiam
600 3531 630 3591 et
651 3528 756 3591 sedem
771 3527 800 3590 ei
822 3526 1031 3591 adorandum
1047 3531 1250 3607 preparantes.
1282 3524 1363 3589 Cum
1379 3529 1480 3589 autem

417 3614 472 3679 diu
495 3620 717 3697 perseverasset
738 3616 770 3678 in
792 3615 937 3679 oracione
959 3620 988 3678 et
1003 3634 1101 3697 prope
1123 3616 1284 3679 matutinas
1306 3618 1391 3693 esset,
1412 3632 1480 3678 sur-

417 3703 501 3781 rexit,
534 3721 605 3767 cum
639 3703 730 3769 dictis
759 3704 862 3769 choris
893 3704 1078 3785 regrediens,
1113 3705 1175 3785 qui,
1209 3704 1365 3767 firmantes
1395 3703 1480 3782 ostia,

417 3792 500 3857 celos
520 3792 697 3857 ascendunt
744 3794 796 3856 llle
817 3798 919 3855 autmr
942 3793 981 3856 ad
1005 3793 1159 3856 timarium
1183 3812 1274 3857 suum
1298 3791 1479 3872 regreditur;

417 3900 510 3965 quern
533 3880 633 3946 dictus
654 3882 776 3963 iuvenis
797 3882 1003 3961 subsequitur,
1033 3882 1196 3962 procidens
1218 3882 1259 3945 ad
1281 3881 1375 3961 pedes
1397 3898 1479 3944 suos.

361 3988 404 4037 coo
418 3970 522 4047 Quem
545 3970 674 4036 credens
697 3970 798 4053 primo
817 3988 938 4051 pueros,
963 3971 1110 4035 clamabat
1131 3971 1271 4034 nondum
1295 3988 1361 4035 esse
1384 3970 1478 4047 diem;

415 4060 545 4125 audiens
566 4064 667 4123 autem
692 4060 763 4140 quis
784 4062 863 4123 esset
884 4064 914 4121 et
936 4076 1042 4122 causas
1064 4060 1119 4135 vie,
1144 4064 1173 4121 et
1194 4078 1212 4121 a
1235 4059 1350 4139 quibus
1366 4059 1478 4121 missus

414 4152 501 4225 esset
523 4152 636 4227 etque
658 4148 781 4225 viderat,
805 4147 960 4209 consuluit
981 4147 1008 4208 ei
1033 4147 1108 4225 quid
1131 4152 1241 4223 ageret,
1265 4146 1432 4225 injungens
1450 4148 1478 4211 ei
