3584 4884
865 437 1108 493 -106—

454 614 483 672 et
513 608 616 672 ridens
647 609 808 684 invenitur,
842 626 899 671 nec
929 608 989 672 hoc
1018 608 1189 686 artificiose,
1220 612 1254 669 ut
1276 608 1335 685 alii,
1366 607 1421 671 sed
1449 608 1528 671 sim-

399 716 440 765 ulo
455 698 579 779 pliciter,
608 701 714 760 natura
737 702 766 760 et
789 701 863 760 etate
887 697 1062 778 impellente
1084 697 1154 777 agit,
1183 696 1276 760 nichil
1299 697 1373 759 inde
1395 714 1528 777 sperans

455 805 573 868 premn.

546 875 644 938 Porro
667 875 839 955 graviorem
856 893 950 955 quem
967 875 1067 938 habeo
1086 875 1244 937 inimicum
1262 892 1391 937 uxorem
1415 873 1525 937 obtuli.

454 965 493 1028 ht
517 983 595 1027 uxor
618 982 688 1027 cum
705 964 821 1027 videret
836 981 869 1027 se
885 963 957 1027 huic
976 964 1087 1026 iuiurie
1110 967 1290 1026 reservatam
1315 963 1525 1042 recoleretque

454 1053 558 1131 tidem,
576 1051 817 1116 misericordiam
834 1057 863 1114 et
878 1053 1096 1116 humanitatem
1113 1071 1186 1131 erga
1202 1052 1344 1114 maritum
1361 1052 1525 1131 maritique

399 1161 441 1210 uto
456 1148 571 1224 patrem
607 1142 750 1220 habitam,
785 1142 890 1205 furore
924 1159 1070 1205 succensa
1099 1142 1212 1221 vixque
1242 1141 1318 1203 dum
1350 1141 1401 1203 ille
1430 1140 1526 1203 verba

456 1231 557 1294 finiret
585 1231 749 1294 sustinens:
783 1230 813 1294 O
838 1231 988 1307 omnium,
1019 1231 1126 1310 inquit,
1157 1230 1326 1310 pessimum
1357 1229 1525 1309 ingratissi-

457 1338 607 1399 mumque
622 1320 795 1396 hominum,
812 1319 864 1398 qui
882 1320 1047 1383 immemor
1062 1319 1285 1382 beneficiorum
1301 1317 1525 1382 misericordia-

457 1426 597 1488 rumque,
628 1426 706 1488 quas
729 1426 788 1488 ego
820 1409 894 1488 patri
928 1408 994 1471 eius
1024 1408 1114 1471 morti
1145 1408 1299 1471 subtracto
1329 1407 1389 1469 iam
1420 1407 1526 1470 multis

455 1497 544 1560 annis
568 1497 599 1559 in
624 1515 714 1560 cavea
741 1497 874 1574 exhibui,
910 1516 960 1559 me
988 1516 1091 1560 coram
1122 1515 1194 1576 rege
1224 1496 1374 1576 omnique
1402 1496 1524 1576 populo

401 1603 442 1652 nnn
457 1586 615 1648 inimicum
647 1586 706 1649 sibi
735 1586 891 1666 reputavit.
938 1586 976 1648 m
999 1586 1132 1649 iuvenis:
1165 1587 1249 1661 Ecce,
1280 1586 1387 1665 inquit,
1418 1602 1524 1658 orem

455 1675 542 1738 vides
565 1693 635 1738 vera
659 1693 724 1738 esse
748 1674 787 1736 de
811 1693 916 1752 uxore,
940 1693 1001 1754 que
1024 1675 1097 1752 dixi,
1120 1693 1182 1754 que
1205 1693 1264 1754 pro
1287 1675 1356 1738 solo
1379 1674 1476 1737 verbo
1497 1677 1526 1736 et

457 1769 572 1845 patrem
597 1763 751 1827 occultum
776 1763 914 1844 prodidit
936 1769 964 1826 et
980 1783 1030 1826 me
1046 1765 1154 1826 mortis
1169 1763 1317 1827 sententie
1333 1763 1525 1842 mancipavit.

458 1853 530 1916 ldeo
554 1853 797 1933 sapientissimus
819 1852 946 1933 quidam
971 1853 1045 1916 olim
1068 1853 1168 1915 tilium
1192 1871 1284 1915 suum
1309 1851 1432 1929 docens,
1457 1869 1525 1913 eam

457 1942 597 2020 maxime,
622 1942 737 2022 quein
762 1943 831 2005 sinu
856 1960 914 2005 suo
931 1943 1062 2020 cubaret,
1087 1941 1253 2004 cavendam
1274 1959 1341 2004 esse
1360 1939 1525 2016 mandavit,

402 2049 443 2096 aso
458 2049 587 2094 uxorem
611 2031 757 2109 videlicet,
783 2032 830 2094 vel
854 2031 1107 2112 pseudoamicum
1132 2030 1258 2110 intelligi
1282 2030 1398 2095 volens
1441 2028 1524 2092 Cum

458 2120 540 2182 enim
558 2120 709 2183 manifesti
727 2121 841 2183 inimici
858 2120 946 2183 facile
961 2124 1131 2198 caveantur,
1155 2137 1284 2182 uxorem
1300 2123 1352 2181 aut
1374 2118 1525 2181 blandum

458 2209 625 2285 inimicum,
651 2209 704 2288 qui
727 2227 850 2289 semper
872 2210 1063 2286 incumbunt,
1087 2209 1191 2272 nullus
1206 2207 1300 2271 vitare
1323 2211 1430 2288 potest,
1453 2207 1527 2286 quia

457 2315 595 2360 amorem
624 2299 927 2361 vehementissimum
958 2316 1012 2361 ore
1042 2298 1188 2361 simulant
1216 2301 1245 2359 et
1275 2297 1369 2360 corde
1399 2296 1526 2358 insidias

459 2386 679 2448 machinantur.
737 2385 801 2453 Rex
835 2391 936 2449 autem
972 2387 1022 2449 ille
1056 2386 1269 2467 subtilipsrc]
1277 2390 1367 2448 tatem
1405 2384 1526 2447 iuvenis

404 2489 445 2538 mn
460 2474 644 2551 ammiratus,
684 2475 918 2556 intelligensque
952 2476 1105 2538 veritatem
1137 2475 1298 2552 dictorum,
1335 2478 1526 2537 accusatores

460 2563 525 2626 eius
564 2564 713 2642 prevenit:
752 2564 849 2642 Vade,
889 2565 1034 2644 inquiens
1067 2565 1105 2627 ad
1142 2565 1257 2644 ipsum,
1295 2580 1422 2627 securus
1460 2566 1526 2625 esto

459 2656 637 2733 patremque
654 2657 749 2731 tuum,
766 2653 791 2715 si
807 2653 910 2717 adhuc
921 2654 1001 2732 vivit,
1019 2671 1083 2717 non
1099 2653 1224 2716 differas
1239 2652 1352 2715 nostris
1366 2651 1527 2714 sollenniis

459 2741 611 2804 exhibere.
659 2741 818 2805 Deductus
849 2761 924 2822 ergo
954 2747 1047 2806 senex
1077 2743 1116 2805 de
1146 2760 1239 2822 specu
1270 2741 1312 2805 ob
1343 2741 1525 2803 immensam

459 2830 637 2910 sapientiam
669 2836 753 2910 pater
776 2831 862 2894 urbis
890 2832 1048 2912 patrieque
1075 2831 1168 2894 iudex
1189 2850 1208 2893 a
1231 2848 1303 2910 rege
1325 2829 1526 2904 constituitur,

404 2937 445 2985 mo
461 2919 514 3000 qui
539 2920 570 2980 in
594 2920 679 2982 brevi
711 2921 794 3000 leges
818 2924 847 2982 et
869 2921 935 2982 iura
957 2921 996 2982 ad
1020 2921 1181 3001 antiquum
1205 2925 1315 2983 statum
1340 2918 1468 2995 reduxit,
1499 2921 1528 2979 et

460 3009 568 3071 evulsit
592 3027 704 3089 pravos
728 3027 838 3087 mores,
863 3010 965 3072 bonos
981 3010 1116 3086 inseruit,
1139 3008 1298 3072 discordes
1313 3007 1466 3070 revocavit
1487 3005 1526 3067 ad

459 3117 565 3179 pacem
590 3099 766 3178 multosque
790 3099 926 3161 moriens
950 3099 1072 3178 reliquit
1094 3099 1240 3161 virtutum
1264 3101 1433 3160 sectatores.

858 3248 886 3305 3.
925 3241 979 3320 [ε
1003 3241 1032 3304 s
1059 3241 1122 3320 sn]

551 3366 618 3428 Fuit
641 3365 799 3444 quondam
824 3364 938 3427 nobilis
953 3364 1000 3425 vir
1015 3369 1044 3426 et
1065 3368 1173 3444 potens
1189 3362 1344 3426 castellum
1361 3361 1527 3424 munitissi-

460 3472 546 3516 mum
570 3455 705 3533 aliasque
729 3453 839 3516 multas
862 3453 1073 3533 possessiones
1097 3453 1223 3515 habens.
1271 3451 1353 3514 tluic
1375 3450 1439 3512 filia
1462 3450 1528 3512 sola

406 3558 447 3606 uro
462 3561 499 3604 ex
527 3560 622 3605 uxore
653 3543 754 3605 relicta
784 3542 888 3619 luerat,
921 3559 1013 3620 quam
1046 3542 1119 3621 ipse,
1150 3559 1220 3603 cum
1252 3540 1372 3602 nullum
1404 3539 1530 3602 haberet

461 3631 614 3708 heredem,
645 3631 822 3693 liberalibus
849 3631 966 3693 artibus
989 3630 1122 3693 decrevit
1144 3629 1353 3705 imbuendam,
1384 3627 1529 3707 quatinus

461 3737 497 3781 ex
531 3720 641 3782 artium
676 3719 837 3798 disciplina
871 3719 1194 3800 philosophorumque
1224 3718 1310 3780 libris
1339 3717 1528 3797 sapientiam,

461 3826 522 3888 que
553 3809 662 3871 melior
689 3813 733 3870 cst
764 3808 942 3871 tortitudine
972 3812 1130 3884 mutuaret,
1162 3826 1216 3886 per
1247 3824 1339 3886 quam
1371 3809 1529 3886 paternam

461 3897 550 3961 sciret
580 3897 774 3960 hereditatem
806 3897 892 3973 tueri,
924 3897 1010 3976 quod
1042 3915 1133 3977 posse
1162 3896 1256 3958 armis
1285 3899 1337 3957 aut
1358 3894 1477 3957 viribus
1500 3893 1528 3956 ei

406 4004 448 4052 uso
463 3987 621 4050 muliebris
653 3985 813 4048 infirmitas
843 3985 1014 4065 denegarat.
1068 3987 1133 4048 Nec
1163 3984 1268 4047 tetellit
1297 4001 1369 4046 eum
1405 3983 1437 4045 in
1469 3983 1530 4046 hoc

462 4095 532 4157 spes
555 4095 618 4140 sua.
664 4076 791 4137 Tantam
820 4074 974 4153 siquidem
1003 4075 1054 4136 illa
1084 4074 1239 4137 scientiam
1271 4071 1530 4151 subtilitatemque

463 4185 499 4229 ex
522 4167 638 4229 artibus
660 4164 847 4243 comparavit
877 4167 910 4224 ut
938 4164 1086 4242 magicam
1110 4179 1237 4240 quoque
1267 4165 1361 4222 artem
1386 4161 1474 4223 nullo
1497 4178 1530 4223 se
