3584 4884
716 482 938 543 „53-

238 674 279 719 ars
294 656 349 719 ubi
380 660 553 737 posuerunt
581 660 742 736 argentum
771 660 800 718 et
826 656 987 735 fodientes,
1018 656 1061 719 nil
1089 658 1280 720 invenerunt
1327 658 1363 719 Et

293 762 449 825 exurgens
480 745 633 825 Deceptor
664 745 718 825 qui
749 745 825 807 illud
857 749 1026 826 acceperat,
1060 746 1141 826 cepit
1171 746 1301 808 damare
1333 750 1363 809 et

292 834 454 896 verberare
469 851 511 911 se,
536 834 654 897 dicens:
679 834 883 914 Nequaquam
900 834 1037 897 confidat
1050 834 1156 914 aliquo
1177 834 1274 898 modo
1290 835 1363 914 quis

293 923 324 984 in
349 922 440 985 fratre
463 923 511 985 vel
541 923 636 1000 socio,
668 928 699 985 tu
730 924 812 985 enim
844 924 948 1003 cepisti
977 923 1063 987 illud.
1107 922 1147 985 At
1175 923 1226 985 ifle
1254 923 1363 985 iuravit

293 1030 349 1091 per
372 1011 524 1074 viventem
550 1012 582 1073 in
605 1012 707 1075 secuta
722 1012 808 1091 quod
832 1030 896 1075 non
912 1016 1068 1093 acceperat
1089 1012 1175 1075 illud.
1209 1012 1363 1092 Deceptor

238 1120 280 1165 aso
295 1118 372 1163 vero
402 1100 502 1180 magis
529 1101 692 1179 insistebat,
722 1102 749 1163 ei
778 1100 896 1164 dicens:
927 1101 1090 1180 Numquid
1119 1100 1176 1163 fuit
1201 1101 1280 1164 alius
1306 1100 1361 1181 qui

291 1190 383 1253 sciret
407 1189 467 1253 hoc
489 1194 646 1267 secretum,
678 1190 736 1253 nisi
764 1207 824 1269 ego
852 1194 882 1253 et
909 1192 964 1253 tu?
1011 1191 1048 1252 Et
1073 1190 1115 1252 ait
1141 1190 1169 1252 ei
1194 1190 1361 1269 Deceptor:

293 1278 372 1341 Veni
407 1282 437 1341 et
471 1296 576 1341 eamus
606 1278 645 1341 ad
677 1278 810 1342 iudicem
846 1279 1009 1359 potestatis,
1044 1283 1079 1341 ut
1112 1278 1204 1342 nobis
1238 1296 1361 1341 causarn

292 1366 434 1430 diffiniat
492 1366 618 1441 Quibus
652 1367 821 1431 constitutis
855 1385 958 1431 eoram
999 1366 1112 1445 iudice,
1147 1366 1224 1429 dixit
1255 1367 1361 1430 iudex:

295 1458 388 1519 Estne
417 1455 528 1535 aliquis
557 1456 640 1520 testis
669 1474 762 1537 super
793 1456 871 1520 hec?
918 1456 979 1519 Cui
1010 1454 1170 1536 respondit
1193 1456 1361 1537 Deceptor:

239 1562 280 1608 aas
296 1546 345 1623 tta,
370 1545 513 1622 domine;
536 1549 581 1608 est
595 1546 696 1623 arbor,
715 1545 774 1608 sub
790 1545 878 1609 cuius
893 1545 995 1608 radice
1010 1544 1207 1625 reposuimus
1222 1551 1360 1608 nostrum

292 1637 469 1713 argentum;
492 1633 559 1713 ipsa
580 1632 663 1696 enim
687 1634 860 1715 perhibebit
878 1634 1088 1697 testimonium
1108 1651 1202 1713 super
1224 1633 1290 1697 hec
1327 1634 1363 1696 Et

292 1723 334 1784 ait
358 1722 463 1785 iudex:
492 1722 602 1785 Ducite
626 1741 675 1785 me
697 1740 764 1786 cras
785 1723 824 1786 ad
848 1724 1001 1800 arborem,
1025 1726 1058 1786 ut
1080 1722 1250 1786 diffiniatur
1272 1740 1363 1785 causa

292 1816 402 1874 vestra.
459 1812 495 1873 Et
524 1811 645 1875 rediens
676 1812 830 1893 Deceptor
862 1812 903 1874 ad
935 1812 1066 1875 domum
1096 1829 1199 1889 suam,
1230 1811 1363 1873 narravit

294 1900 372 1981 patri
396 1918 455 1963 suo
478 1917 655 1981 processum
680 1901 763 1964 hunc
778 1900 896 1964 dicens:
921 1900 1011 1978 Scito,
1034 1905 1120 1981 pater
1138 1901 1190 1977 mi,
1213 1900 1360 1981 quoniam

239 2007 281 2053 sao
296 1989 440 2052 noudum
464 1989 593 2053 revelavi
616 1988 671 2053 tibi
695 1989 755 2053 hoc
774 1994 941 2067 secretum;
962 1989 1018 2053 sed
1041 1990 1067 2053 si
1091 1994 1123 2052 tu
1146 1989 1194 2052 vis
1215 1989 1362 2052 inclinare

294 2078 428 2141 consitio
461 2096 539 2155 meo,
570 2078 821 2142 conservabimus
851 2096 911 2141 nos
938 2079 1033 2142 ambo
1062 2079 1239 2142 thesaurum
1267 2095 1361 2157 quem

294 2166 382 2230 dedit
404 2167 497 2230 nobis
519 2168 604 2246 deus,
628 2172 657 2230 et
672 2168 842 2248 poterimus
857 2168 1058 2248 multiplicare
1078 2171 1108 2229 et
1120 2166 1234 2229 addere
1249 2167 1361 2247 ipsum.

294 2255 356 2319 Cui
385 2255 463 2317 dixit
484 2260 580 2336 pater:
610 2255 696 2330 Quid
726 2260 771 2319 est
799 2255 883 2334 illud,
915 2256 960 2318 fiii
989 2257 1054 2319 mi?
1100 2255 1161 2319 Cui
1189 2255 1361 2336 respondit:

296 2346 364 2424 Ego
388 2343 515 2423 quidem
537 2344 648 2407 abstuli
670 2348 767 2409 totum
791 2344 868 2408 illud
884 2349 1045 2425 argentum
1061 2344 1148 2424 quod
1172 2345 1361 2422 invenimus;

242 2451 282 2497 aas
295 2434 372 2497 volo
395 2433 470 2495 illud
494 2438 593 2496 autem
617 2438 651 2497 ut
673 2434 767 2497 intres
790 2433 846 2497 hac
869 2438 958 2497 nocte
971 2438 1001 2496 et
1016 2450 1195 2514 permaneas
1209 2434 1241 2496 in
1257 2437 1362 2496 ventre

294 2522 426 2599 arboris,
449 2540 518 2585 cum
541 2522 581 2585 sit
603 2522 645 2585 ibi
670 2523 756 2586 locus
779 2540 933 2586 concavus
955 2523 1008 2586 ubi
1034 2523 1149 2603 poteris
1172 2540 1360 2603 permanere

295 2612 391 2673 Mane
413 2614 513 2673 autem
538 2628 608 2673 curn
632 2612 749 2674 venerit
778 2611 871 2674 iudex
894 2612 1087 2691 interrogans
1108 2611 1260 2689 arborem,
1291 2611 1362 2691 quis

293 2700 411 2780 accepit
433 2704 601 2779 argentum,
625 2700 813 2781 respondeas
828 2700 855 2763 ei
876 2704 908 2762 tu
924 2700 964 2764 de
979 2700 1084 2764 medio
1106 2700 1241 2763 arboris:
1264 2700 1362 2763 Velox

294 2788 388 2851 rediit
409 2788 448 2851 ad
472 2807 521 2851 me
544 2793 574 2851 et
595 2789 710 2871 accepit
735 2789 821 2852 illud.
867 2790 905 2851 Et
931 2789 991 2853 hoc
1013 2789 1171 2869 estquod
1199 2792 1270 2869 peto
1293 2792 1362 2850 ate

241 2895 281 2940 aro
295 2882 424 2940 tantum.
471 2878 506 2940 Et
536 2878 656 2941 iverunt
677 2878 716 2940 ad
739 2878 881 2941 arborem
901 2883 931 2941 et
959 2878 1071 2941 mansit
1092 2882 1177 2958 pater
1203 2878 1235 2940 in
1258 2881 1362 2941 ventre

293 2966 416 3029 arboris
439 2970 501 3030 tota
523 2971 621 3030 nocte.
651 2968 743 3030 Mane
765 2985 839 3030 vero
863 2985 933 3029 cum
949 2968 1082 3031 venisset
1104 2966 1196 3029 iudex
1219 2984 1290 3029 cum
1306 2984 1363 3029 sua

294 3054 411 3118 familia
426 3054 465 3117 ad
480 3055 616 3133 aborem,
632 3056 710 3119 stetit
725 3059 754 3119 et
768 3056 900 3136 quesivit
914 3057 954 3119 ab
969 3056 1088 3133 arbore,
1105 3057 1175 3136 quis
1190 3054 1363 3119 abstulisset

293 3149 467 3224 argentum.
501 3146 537 3207 Et
551 3144 743 3225 respondens
759 3145 809 3208 ille
831 3144 872 3207 de
888 3145 992 3208 medio
1006 3145 1135 3221 arboris,
1159 3145 1247 3207 dixit:
1263 3144 1362 3207 Velox

293 3232 412 3313 accepit
440 3233 526 3297 ittud.
573 3234 609 3296 Et
638 3234 824 3314 stupefactus
854 3234 947 3296 iudex
977 3251 1072 3315 super
1102 3234 1174 3311 hoc,
1204 3232 1300 3296 volvit
1328 3251 1362 3295 se

241 3340 281 3385 aen
295 3322 439 3402 undique
461 3326 491 3385 et
512 3322 668 3386 neminem
691 3322 822 3386 videbat.
864 3322 929 3396 Qui
957 3323 1091 3404 precepit
1112 3327 1147 3386 ut
1167 3326 1363 3403 apportarent

294 3410 388 3491 ligna,
411 3414 445 3473 ut
459 3411 674 3475 accenderetur
689 3412 769 3492 ignis
784 3412 816 3473 in
832 3412 958 3475 circuitu
974 3412 1102 3475 arboris.
1142 3412 1263 3475 Etcum
1279 3411 1363 3474 calor

294 3505 324 3563 et
341 3500 450 3563 fumus
465 3500 674 3581 pervenissent
689 3500 727 3563 ad
751 3500 838 3563 illurn
862 3500 917 3581 qui
932 3505 996 3563 erat
1017 3501 1108 3579 intus,
1131 3500 1212 3581 cepit
1233 3500 1362 3563 clamare

294 3589 422 3667 fortiter,
437 3606 508 3652 cum
524 3589 657 3670 amptius
668 3590 800 3653 calorem
817 3607 881 3653 non
898 3594 1003 3671 posset
1017 3589 1154 3667 tolerare,
1169 3594 1200 3652 et
1214 3593 1362 3653 extractus

295 3682 341 3742 est
364 3677 438 3741 inde
465 3679 552 3758 quasi
583 3683 733 3742 mortuus.
781 3679 817 3741 Et
838 3678 948 3742 videns
977 3678 1072 3758 judex
1103 3678 1243 3741 fraudem
1275 3678 1361 3756 hanc,

244 3784 283 3831 aro
297 3766 455 3829 mandavit
480 3766 614 3831 fustimri
644 3767 762 3843 ambos,
793 3771 823 3830 et
849 3768 964 3831 restitui
991 3772 1152 3847 argentum
1179 3767 1266 3830 socio
1293 3784 1362 3831 suo.

295 3855 424 3930 Quibus
446 3855 592 3919 fusticatis
615 3860 756 3920 mortuus
779 3860 824 3919 est
846 3861 939 3937 pater.
972 3858 1008 3919 Et
1030 3857 1182 3939 accipiens
1207 3856 1363 3936 Deceptor

295 3949 412 4024 patrem
441 3962 543 4021 suum,
575 3944 643 4008 tulit
669 3944 771 4026 ipsum
803 3949 961 4009 mortuum
991 3945 1030 4008 ad
1059 3945 1189 4009 domum
1216 3962 1305 4008 suam
1333 3948 1363 4007 et

296 4033 444 4097 remansit
473 4033 583 4097 dolens
617 4033 657 4097 de
687 4038 815 4113 argento
847 4034 962 4097 amisso
992 4038 1021 4097 et
1050 4035 1090 4098 de
1120 4034 1272 4114 vituperio
1301 4033 1361 4096 sibi

296 4122 414 4185 cunctis
441 4122 481 4185 ab
511 4122 692 4187 hominibus
719 4123 822 4186 relato.
868 4122 1174 4202 Conuistabaturque
1208 4122 1248 4184 de
1278 4125 1361 4201 patre

246 4228 284 4273 aas
297 4228 356 4275 suo
384 4214 518 4289 mortuo,
549 4212 637 4292 cujus
666 4212 732 4293 ipse
759 4216 822 4275 erat
848 4229 938 4275 causa
965 4211 1110 4290 efficiens,
1142 4228 1213 4273 cum
1241 4210 1360 4273 socium
