3584 4884
856 456 1075 509 „42-

847 626 940 688 XXV.
988 632 1082 688 1-6.

524 728 552 797 1.
578 732 702 795 Dictum
734 736 778 796 est
808 733 894 813 quod
925 732 1052 813 quidam
1082 732 1159 795 latro
1181 732 1220 794 ad
1244 732 1372 795 domum
1396 730 1503 810 cujus-

434 821 505 884 dam
530 822 632 885 divitis
655 822 786 903 perrexit
809 822 978 885 intentione
1000 821 1131 899 iurandi,
1154 826 1184 883 et
1198 821 1366 883 ascendens
1376 824 1501 897 tectum,

379 926 420 973 ru
434 910 472 973 ad
497 910 659 975 fenestram
691 930 746 991 per
776 930 870 991 quam
900 911 1006 974 tumus
1035 911 1143 988 exibat,
1173 914 1202 972 et
1230 910 1256 973 si
1283 909 1394 989 aliquis
1416 909 1502 992 intus

434 996 581 1080 vigilaret,
604 1000 791 1063 auscultavit
837 999 934 1073 Quod
965 1005 999 1062 ut
1029 999 1176 1062 dominus
1206 999 1319 1062 domus
1341 998 1501 1077 comperit,

432 1089 563 1155 suaviter
586 1107 659 1153 suae
682 1088 771 1153 uxori
794 1090 847 1151 ait:
872 1090 1027 1168 interroga
1048 1088 1107 1150 alta
1128 1106 1204 1151 voce
1226 1087 1310 1150 unde
1324 1087 1407 1150 venit
1422 1086 1501 1148 mihi

433 1178 488 1241 iste
518 1182 578 1241 tam
611 1196 743 1257 magnus
774 1196 884 1241 census
908 1197 1001 1259 quem
1026 1178 1134 1253 habeo,
1162 1195 1255 1257 quam
1279 1181 1312 1238 ut
1335 1194 1398 1238 rem
1422 1174 1502 1238 scias

433 1268 565 1331 multum
597 1267 710 1330 labora.
743 1304 769 1311 —
803 1276 831 1329 2.
859 1268 949 1330 Tunc
978 1267 1044 1346 ipsa
1073 1266 1131 1328 alta
1161 1284 1237 1329 voce
1265 1266 1318 1327 ait:
1354 1264 1500 1341 Domine,

380 1356 519 1420 retunde
542 1360 602 1419 tam
627 1374 776 1435 magnum
801 1374 927 1419 censum
951 1356 1055 1431 habes,
1078 1373 1175 1435 quum
1200 1372 1359 1434 nunquam
1384 1372 1499 1415 merca-

433 1448 482 1508 tor
504 1444 621 1508 tueris?
653 1481 680 1489 -
712 1444 837 1508 atille:
869 1445 966 1519 Quod
1000 1445 1086 1507 Deus
1116 1444 1242 1507 donavit
1270 1444 1331 1507 hoc
1352 1460 1446 1518 serva,
1470 1446 1502 1503 et

433 1532 480 1597 lac
503 1534 576 1596 inde
599 1534 787 1597 voluntatem
811 1538 905 1613 tuam,
929 1538 958 1596 et
981 1551 1044 1597 non
1069 1533 1207 1613 inquiras
1229 1532 1312 1595 unde
1328 1532 1403 1593 mihi
1418 1534 1501 1593 tanta

433 1623 564 1703 pecunia
588 1624 730 1685 evenerit
762 1659 789 1667 -
820 1624 859 1685 At
875 1624 949 1703 ipsa,
972 1627 1006 1685 ut
1020 1622 1078 1685 sibi
1096 1622 1266 1701 injunctum
1282 1622 1386 1696 tuerat,
1402 1620 1502 1699 magis

433 1718 462 1775 et
486 1712 584 1792 magis
607 1715 640 1774 ut
663 1730 727 1775 rem
751 1712 841 1775 sciret
863 1712 1023 1791 instigavit
1071 1717 1099 1773 3.
1124 1711 1268 1788 Demum,
1299 1709 1387 1790 quasi
1414 1727 1500 1771 coac-

380 1816 420 1863 tas
434 1805 484 1866 tus
507 1801 650 1883 precibus
673 1802 761 1865 uxori
786 1820 859 1865 suae
880 1802 923 1863 ait
944 1801 1106 1864 dominus:
1129 1800 1207 1863 Vide
1231 1818 1270 1862 ne
1293 1799 1435 1878 cuiquam
1451 1815 1499 1859 se-

433 1895 513 1955 creta
547 1894 650 1955 nostra
681 1891 813 1972 detegas.
861 1892 949 1953 Latro
983 1890 1037 1951 lui.
1066 1924 1098 1933 -
1127 1889 1166 1951 At
1199 1889 1265 1969 ipsa
1297 1888 1349 1950 ait:
1384 1887 1499 1948 Mirum

434 1980 510 2043 mihi
533 1979 654 2042 videtur
677 1979 839 2059 quomodo
862 1983 924 2041 tam
948 1997 1096 2058 magnum
1120 1996 1247 2041 censum
1271 1976 1428 2039 latrocinio
1450 1994 1500 2037 ac-

434 2070 556 2149 quirere
579 2069 713 2149 potuisti,
738 2068 823 2149 quod
848 2086 1009 2148 nunquam
1040 2066 1217 2131 audivimus
1246 2067 1410 2129 clamorem
1433 2064 1500 2126 sive

433 2157 567 2237 aliquam
591 2156 775 2220 calumniam
800 2157 881 2221 inde.
904 2192 949 2202 —
978 2167 1006 2219 4.
1030 2157 1069 2219 at
1092 2156 1157 2236 ipse
1186 2157 1238 2217 ait:
1270 2154 1405 2228 Quidam
1436 2171 1501 2214 ma-

380 2262 420 2309 uu
435 2246 529 2325 gister
563 2264 650 2309 meus
684 2264 805 2309 carmen
841 2265 891 2309 me
926 2245 1056 2325 edocuit,
1088 2245 1173 2325 quod
1204 2245 1342 2307 dicebam
1373 2242 1518 2322 quando·

433 2351 526 2413 super
548 2338 659 2396 tectum
683 2336 895 2414 ascendebam,
927 2340 956 2397 et
977 2335 1105 2399 veniens
1127 2336 1166 2397 ad
1189 2335 1351 2396 fenestram
1374 2330 1500 2411 accipie-

433 2422 504 2485 bam
530 2422 649 2485 radium
674 2424 765 2487 lunae
789 2442 891 2501 manu,
916 2428 945 2486 et
967 2442 1089 2487 carmen
1106 2442 1209 2487 meum
1226 2414 1336 2503 septies
1352 2420 1500 2497 dicebam,

433 2510 557 2574 scilicet:
594 2511 773 2576 Saulem!
821 2513 1001 2576 Saulem!
1049 2515 1086 2576 Et
1114 2514 1155 2576 ita
1183 2510 1406 2575 descendebam
1434 2508 1501 2571 sine

382 2670 384 2675 ,
434 2600 579 2680 periculo,
611 2605 640 2663 et
667 2601 815 2681 quicquid
840 2603 1009 2682 pretiosum
1033 2601 1136 2665 inveni
1160 2603 1191 2663 in
1216 2600 1312 2663 domo
1335 2597 1501 2662 corradens

381 2702 421 2750 uu
436 2689 606 2751 sumebam.
655 2690 726 2753 Hoc
756 2692 842 2768 tacto,
868 2690 1041 2754 iterumad
1072 2690 1193 2755 radium
1216 2691 1307 2752 lunae
1329 2687 1499 2763 veniebam,

434 2780 463 2839 et
497 2777 607 2841 eodem
643 2780 776 2841 carmine
811 2780 892 2843 dicto
927 2780 1039 2860 septies
1068 2800 1139 2844 eum
1170 2778 1317 2842 omnibus
1344 2777 1375 2838 in
1404 2775 1500 2838 domo

434 2866 564 2946 sumptis
586 2868 797 2945 ascendebam,
829 2872 858 2931 et
881 2870 967 2948 quod
990 2871 1171 2933 sustuleram
1195 2868 1234 2930 ad
1258 2866 1424 2946 hospitium
1448 2864 1501 2926 de-

435 2954 579 3017 ferebam.
615 2956 679 3018 Tali
704 2957 830 3037 ingenio
855 2958 939 3020 hunc
961 2976 1055 3037 quem
1080 2958 1226 3039 possideo
1249 2974 1374 3019 censum
1392 2954 1500 3015 habeo.

435 3078 476 3088 -
504 3046 530 3107 5.
554 3045 594 3107 At
623 3046 735 3109 mulier
764 3046 817 3109 ait:
850 3046 933 3109 Bene
963 3047 1059 3110 iecisti
1090 3048 1176 3127 quod
1200 3046 1276 3107 mihi
1300 3044 1368 3106 talia
1390 3042 1516 3119 dixisti,

382 3148 508 3194 aronam
532 3134 721 3214 quandoque
744 3134 844 3197 tilium
869 3136 1016 3213 habuero,
1041 3156 1080 3199 ne
1103 3154 1221 3217 pauper
1236 3134 1332 3213 degat,
1356 3133 1416 3194 hoc
1438 3149 1501 3193 car-

436 3239 506 3283 men
530 3221 659 3286 docebo.
692 3260 718 3267 -
750 3224 790 3285 At
812 3224 961 3287 dominus
983 3225 1096 3304 inquit:
1121 3224 1264 3287 Permitte
1287 3240 1336 3285 me
1356 3220 1501 3297 dormire,

435 3310 583 3387 quoniam
607 3330 720 3375 somno
744 3317 926 3393 aggravatus
948 3314 1022 3377 volo
1046 3315 1210 3394 quiescere.
1238 3348 1264 3355 „
1290 3312 1326 3372 Et
1348 3314 1381 3371 ut
1403 3309 1502 3387 magis

435 3397 587 3477 deciperet
610 3402 696 3478 quasi
721 3400 880 3464 dormiens
911 3407 1034 3465 stertere
1064 3404 1171 3483 coepit.
1219 3408 1247 3465 6.
1272 3398 1426 3478 Perceptis
1449 3398 1501 3459 de-

436 3485 531 3563 nique
554 3486 665 3550 talibus
688 3489 798 3566 verbis,
822 3490 873 3552 iur
896 3492 969 3553 inde
992 3492 1124 3570 gavisus,
1149 3496 1178 3553 et
1200 3490 1281 3553 dicto
1305 3488 1415 3568 septies
1438 3504 1502 3549 car-

381 3588 421 3633 no
437 3573 527 3649 mine,
552 3578 581 3636 et
603 3581 727 3655 sumpto
751 3596 844 3640 manu
869 3580 956 3643 radio
972 3580 1070 3655 tunae,
1094 3580 1198 3642 laxatis
1214 3578 1357 3641 manibus
1372 3580 1401 3637 et
1417 3574 1502 3655 pedi-

434 3660 494 3723 bus
502 3679 557 3740 per
564 3662 725 3725 fenestram
735 3664 765 3726 in
775 3666 914 3745 domum,
927 3669 1161 3732 tacienssonum
1175 3686 1331 3748 magnum,
1342 3664 1461 3741 cecidit,
1474 3668 1503 3726 et

434 3748 528 3811 tracto
551 3768 639 3813 crure
662 3756 691 3813 et
714 3753 839 3817 brachio
863 3756 1021 3835 ingemuit
1059 3758 1099 3819 At
1113 3757 1261 3820 dominus
1281 3756 1394 3818 domus
1414 3752 1502 3833 quasi

435 3838 573 3902 nesciens
595 3840 647 3901 ait:
672 3840 718 3902 Tu
743 3842 876 3920 quises,
901 3845 954 3923 qui
979 3845 1018 3907 ita
1034 3847 1189 3908 cecidisti?
1214 3882 1239 3890 —
1264 3844 1313 3907 Ad
1337 3842 1501 3905 hoclatro:

436 3927 501 4006 Ego
525 3944 594 3990 sum
618 3928 668 3991 ille
692 3928 797 3991 infelix
819 3930 877 4008 tur,
902 3933 955 4011 qui
983 3934 1043 3996 tuis
1066 3934 1181 3997 credidi
1210 3934 1368 3997 fallacibus
1390 3930 1502 3993 verbis.

840 4072 949 4135 XXIX.
999 4082 1092 4137 1-6.
1175 4113 1177 4118 -

381 4192 420 4239 aso
528 4186 554 4238 1.
580 4177 766 4246 Recordatus
781 4195 850 4240 sum
867 4178 961 4254 verbi,
985 4180 1072 4256 quod
1087 4181 1190 4242 audivi
1214 4182 1254 4244 de
1277 4183 1502 4261 Maymundo
