3584 4884
714 450 936 506 ..31-

288 620 476 700 compacior,
505 637 566 699 que
595 637 654 700 pro
677 621 802 682 ueritate
829 620 873 683 sic
895 621 988 682 vitam
1010 621 1119 683 amisit
1164 621 1264 685 Amen
1288 621 1359 684 dico

288 709 354 785 tibi,
379 709 531 789 optimum
555 709 731 788 exemplum
749 709 840 771 michi
858 709 993 772 narrasti.
1023 709 1096 771 Non
1113 711 1261 773 morietur
1275 710 1359 772 iilius

236 814 276 860 sao
291 815 382 860 meus
405 797 526 860 hodie.“
575 797 626 859 Ait
648 798 803 877 magister:
830 797 881 862 „Si
905 799 949 861 sic
971 797 1087 876 leceris,
1110 799 1262 879 sapienter
1283 799 1358 878 agis.

289 886 352 950 Sed
377 886 476 948 reddo
499 886 554 948 tibi
577 891 684 964 grates,
708 886 794 967 quod
818 887 885 949 filio
908 891 964 950 tuo
987 887 1081 950 hodie
1104 888 1274 967 pepercisti.
1309 887 1358 950 nd

288 975 385 1037 deum
401 979 431 1036 te
447 975 698 1038 recommendou
736 976 920 1055 imperatrix,
944 994 1015 1040 cum
1030 975 1165 1038 audisset
1179 976 1266 1056 quod
1282 995 1359 1057 puer

289 1063 345 1126 illo
369 1063 421 1125 die
436 1065 570 1126 saluatus
585 1068 670 1140 esset,
694 1064 780 1126 fleuit
802 1082 913 1140 amare,
937 1065 968 1126 in
992 1069 1108 1127 tanturn
1132 1066 1219 1144 quod
1243 1066 1274 1127 in
1289 1066 1359 1128 aula

289 1171 353 1216 vox
376 1153 444 1215 eius
459 1157 504 1216 est
518 1152 621 1214 audita
636 1153 755 1216 dicens:
782 1154 872 1220 „Heu
890 1153 992 1231 michi,
1016 1153 1102 1233 quod
1118 1172 1265 1232 umquam
1282 1173 1360 1218 vxor

237 1254 276 1299 sas
290 1242 486 1322 imperatoris
508 1241 584 1304 iacta
606 1243 690 1304 sum!
724 1242 782 1320 (Βὶ.
810 1243 915 1321 rsrr.)
961 1243 1083 1305 Vtinam
1107 1249 1228 1305 mortua
1250 1261 1358 1320 essem,

289 1349 361 1393 cum
387 1330 426 1392 ad
451 1334 550 1410 partes
573 1330 643 1393 istas
666 1331 853 1394 venissem!u
900 1333 1073 1411 imperator,
1098 1349 1168 1393 cum
1192 1332 1358 1394 clamorem

288 1420 357 1483 eius
385 1419 528 1500 audisset,
559 1436 709 1481 cameram
738 1419 867 1497 intrauit,
900 1420 1062 1498 diligenter
1088 1422 1128 1483 ab
1156 1439 1191 1482 ea
1218 1421 1358 1500 quesivit

289 1527 345 1571 cur
375 1509 445 1570 talia
480 1507 661 1588 protulisset.
714 1508 786 1581 Que
815 1509 868 1570 ait:
905 1509 1070 1586 nDomine,
1102 1527 1207 1572 nonne
1236 1527 1358 1572 causam

290 1615 437 1676 magnam
463 1597 571 1673 habe0,
602 1615 638 1658 ex
661 1615 726 1676 quo
749 1615 826 1660 vxor
853 1601 905 1659 tua
935 1615 1004 1660 sum
1032 1597 1115 1660 etin
1143 1599 1285 1661 societate
1307 1603 1359 1660 tua

237 1697 275 1742 sto
290 1687 335 1749 sic
366 1704 422 1766 per
452 1685 551 1747 tilium
582 1690 668 1747 tuum
700 1686 866 1763 dilacerata,
898 1704 992 1766 quam
1023 1690 1207 1749 cruentatam
1234 1687 1358 1749 vidisti?

291 1776 327 1837 Et
351 1775 446 1837 michi
470 1774 570 1836 dixisti
594 1773 681 1853 quod
705 1774 861 1838 occidetur
875 1780 906 1836 et
927 1776 1029 1838 adhuc
1043 1776 1127 1837 viuit.
1162 1775 1267 1849 Quare
1283 1793 1359 1855 ergo

290 1882 355 1926 non
380 1864 482 1926 debeo
506 1862 653 1926 dolere?u
701 1864 752 1926 Ait
775 1863 952 1944 imperator:
985 1864 1149 1928 „Libenter
1171 1865 1280 1927 vellem
1303 1865 1358 1926 tibi

289 1953 420 2033 placere,
445 1956 474 2014 et
497 1952 644 2015 iusticiam
670 1953 701 2014 in
726 1971 797 2015 eum
821 1971 973 2028 exercere;
1004 1953 1058 2015 sed
1082 1953 1133 2014 die
1157 1954 1297 2016 hesterna
1318 1955 1359 2016 ab

289 2060 355 2106 vno
371 2041 412 2102 de
428 2041 579 2120 magistris
595 2041 660 2104 eius
675 2041 781 2104 audiui
798 2041 854 2106 tale
870 2042 1054 2122 exemplum,
1076 2041 1161 2120 quod
1178 2042 1357 2105 differebam

237 2142 275 2187 su
290 2131 359 2193 eius
375 2129 555 2193 iudicium.u
592 2129 632 2192 nt
648 2131 710 2192 illa:
737 2130 788 2196 »Ο
804 2129 941 2207 domine,
965 2131 1024 2192 iam
1040 2131 1118 2193 dicis
1133 2132 1218 2209 quod
1236 2136 1360 2211 propter

288 2237 388 2282 vnum
418 2219 593 2298 exemplum
626 2219 761 2298 magistri
789 2222 974 2282 sentenciam
1005 2224 1111 2282 contra
1140 2220 1240 2282 tilium
1271 2225 1357 2282 tuum

288 2307 449 2370 distulisti!
497 2308 595 2370 Amen
619 2308 690 2370 dico
714 2308 768 2370 tibi
797 2326 855 2388 pro
878 2312 943 2371 toto
966 2309 1094 2385 mundo,
1125 2309 1180 2371 tibi
1204 2310 1360 2387 continget

289 2397 330 2459 de
354 2397 426 2459 .Vll.
451 2397 601 2474 magistris
617 2397 685 2474 tuis,
709 2397 786 2459 sicut
801 2396 961 2476 quondam
977 2397 1103 2476 contigit
1123 2397 1162 2458 de
1177 2416 1240 2460 vno
1264 2398 1359 2478 impe-

290 2490 393 2548 ratore
416 2489 445 2546 et
467 2485 506 2547 de
529 2486 593 2548 suis
618 2487 686 2549 .Vll.
708 2486 888 2564 magistris.u
929 2486 969 2548 nt
991 2486 1053 2548 ille:
1081 2486 1191 2565 „Rogo
1211 2491 1247 2563 te,
1272 2505 1359 2548 narra

237 2585 276 2630 suo
291 2575 387 2637 michi
404 2574 498 2636 hoc!u
533 2573 605 2647 Que
627 2575 680 2636 ait:
707 2575 773 2639 „Ad
791 2574 865 2654 quid
883 2574 983 2637 debeo
1006 2576 1037 2636 in
1061 2593 1175 2638 vanum
1200 2576 1359 2638 laborare?

289 2663 322 2727 Si
347 2663 458 2726 scirem
475 2662 560 2742 quod
585 2663 771 2743 proficerent
785 2665 879 2726 verba
903 2683 979 2741 mea,
1002 2664 1056 2726 tibi
1074 2683 1227 2726 narrarem
1244 2665 1360 2744 optima

289 2751 445 2832 exempla;
483 2751 537 2814 sed
561 2753 654 2815 nichil
679 2753 772 2814 michi
801 2752 931 2832 proficit,
962 2753 1042 2832 quia,
1073 2753 1207 2832 quitquit
1233 2772 1292 2832 ego
1319 2753 1359 2815 ad

289 2841 420 2904 salutem
438 2845 520 2902 tuam
537 2859 636 2918 narro,
662 2841 797 2920 magistri
814 2842 857 2902 tui
874 2841 914 2903 ad
930 2841 1167 2904 destructionem
1185 2847 1358 2921 operantur.

293 2932 330 2994 Et
353 2931 414 2992 hoc
438 2948 492 3009 per
514 2931 689 3011 exemplum
721 2934 828 3010 potero
856 2930 911 2992 tibi
942 2930 1181 2994 demonstraret
1230 2931 1269 2993 At
1297 2932 1359 2992 ille:

238 3028 277 3074 555
295 3019 347 3084 „0
380 3019 464 3082 bona
493 3019 631 3096 domina,
667 3019 753 3098 quod
784 3019 937 3096 differtur,
973 3037 1037 3083 non
1068 3019 1224 3082 aulienur.
1280 3020 1361 3082 licet

290 3107 479 3172 sentenciam
497 3109 605 3170 mortis
621 3109 687 3170 eius
707 3107 902 3185 distulissem,
928 3126 991 3172 non
1008 3113 1134 3188 propter
1149 3108 1209 3171 hoc
1223 3109 1315 3171 vitam
1332 3109 1358 3171 ei

290 3197 374 3260 dedi.
429 3195 489 3259 Sed
521 3197 612 3260 michi
644 3215 733 3258 narra
762 3215 858 3259 vnum
891 3197 1024 3260 notabile
1057 3198 1270 3277 [exemplum],
1305 3216 1359 3277 per

291 3286 380 3365 quod
404 3289 513 3365 potero
529 3286 639 3348 melius
655 3301 845 3365 precauere.¹¹
883 3286 954 3365 [Cui
971 3285 1171 3366 imperatrix]:
1198 3287 1360 3351 „libenter

291 3375 440 3450 narrabo;
473 3373 526 3436 sed
550 3392 628 3454 rogo
659 3375 753 3437 deum
782 3393 886 3437 meum
915 3380 948 3436 ut
976 3376 1070 3438 verba
1098 3394 1165 3438 mea
1196 3376 1297 3438 locurn
1327 3375 1359 3438 iu

239 3472 277 3517 555
292 3464 389 3527 corde
412 3467 467 3526 tuo
491 3463 649 3526 habeantt

432 3658 549 3732 Quarta
572 3659 709 3722 narracio
733 3659 831 3738 quarti
856 3659 991 3737 magistri
1017 3660 1075 3737 (Bl.
1105 3660 1222 3738 tw).

732 3779 920 3850 {Tentaminal

384 3907 476 3970 Miles
506 3907 631 3986 quidam
663 3925 756 3970 senex
785 3927 821 3970 ac
844 3908 942 3970 iustus
971 3908 1109 3971 amulto
1134 3913 1271 3987 tempore
1294 3909 1360 3970 sine

292 4015 389 4060 vxore
413 4014 448 4058 ac
471 3997 557 4074 prole
580 3997 681 4060 extitit.
727 3997 864 4058 Tandem
888 4001 1039 4058 venerunt
1061 3996 1128 4059 eius
1155 3997 1252 4073 amici,
1283 3998 1361 4059 sicut

293 4090 413 4165 satrape
437 4084 556 4165 imperii
579 4084 618 4146 ad
642 4102 701 4148 uos
724 4089 880 4161 venerunt,
905 4085 1097 4147 consulendo
1114 4090 1147 4146 ut
1162 4103 1287 4147 uxorem
1312 4104 1359 4146 ac-

294 4175 416 4254 ciperet.
463 4173 553 4234 Miles
583 4173 626 4236 sic
649 4174 807 4236 consultus
830 4178 859 4236 et
880 4174 920 4235 ab
944 4173 1049 4235 amicis
1077 4174 1213 4252 pulsatus
1237 4191 1359 4234 conces

321 4292 436 4344 Ulrich,
458 4292 596 4336 Lateinisclre
609 4291 744 4335 Novellistilr
758 4293 797 4335 des
812 4292 959 4334 Mittelalters.
1200 4296 1216 4342 6
