3584 4884
837 434 1084 492 —t98—

426 603 515 667 dives
536 608 677 684 quereret
702 604 743 669 ab
775 622 872 669 uxore
903 606 1048 687 pauperis
1082 606 1158 687 quid
1181 607 1229 670 vir
1257 625 1333 673 suus
1361 609 1497 686 haberet,

427 692 482 773 qui
511 710 577 756 non
606 692 788 757 audiebatur
820 694 901 757 ultra
927 698 1059 773 cantans,
1093 700 1123 760 et
1151 695 1204 759 illa
1231 702 1378 761 assereret
1409 698 1498 779 quod

428 786 581 863 pateretur
603 782 634 845 in
665 782 800 861 renibus,
829 783 883 846 ait:
918 784 1004 863 ..Ego
1032 784 1155 848 veniam
1185 789 1215 849 et
1244 786 1361 850 curabo
1391 802 1495 850 eum.a

430 870 467 933 Et
486 870 635 935 aooedens
656 875 687 935 et
708 872 875 952 pecunium
899 890 986 937 suam
1006 878 1146 954 repetens
1169 878 1198 937 et
1221 880 1388 955 reportans,
1412 876 1498 939 resti·

373 964 495 1025 matuta
515 964 561 1023 est
590 960 717 1041 pauperi
745 960 843 1041 quies,
872 961 1000 1043 pristina
1029 962 1141 1027 sanitas
1163 967 1193 1026 et
1220 963 1394 1043 jocunditas
1424 982 1498 1028 cum

428 1066 573 1129 sompno.
1102 1072 1104 1077 ·

805 1180 857 1239 ss.
894 1175 948 1254 [.--
972 1174 1003 1239 s.
1029 1174 1113 1257 ssa]

517 1297 630 1361 Audivi
661 1298 749 1378 quod
779 1299 907 1381 quidam
935 1316 1067 1380 magnus
1098 1301 1241 1381 magister
1270 1301 1302 1364 in
1333 1301 1499 1365 litteratura

430 1386 537 1451 habuit
558 1386 745 1469 discipulum
769 1388 907 1453 nobilem
931 1406 1051 1469 genere,
1075 1390 1129 1469 qui
1153 1389 1273 1454 dicebat
1294 1408 1368 1471 sepe
1391 1409 1497 1455 coram

430 1476 576 1557 magistro
591 1494 651 1541 suo
665 1476 752 1557 quod
767 1478 905 1559 episcopi
919 1478 1044 1541 francie
1059 1476 1121 1543 ceci
1136 1483 1229 1557 erant
1245 1479 1299 1559 qui
1316 1480 1497 1559 magistrum

375 1583 417 1631 on
432 1569 548 1629 tanturn
571 1566 716 1630 clericum
744 1585 808 1631 non
836 1568 987 1631 vocabant
1015 1566 1054 1631 ad
1083 1566 1233 1631 beneficia
1260 1568 1497 1650 prebendarum.

431 1654 594 1729 Quicum
622 1656 719 1719 iactus
745 1660 823 1719 esset
848 1655 1021 1737 episcopus,
1051 1656 1171 1721 vocavit
1201 1661 1328 1737 nepotes
1355 1674 1430 1721 suos
1456 1658 1496 1719 ad

432 1743 581 1809 beneficia
614 1744 825 1822 ecclesiastica,
859 1745 1006 1826 magistro
1041 1749 1228 1826 contempto.
1288 1745 1389 1824 Unde,
1424 1764 1496 1809 cum

432 1833 498 1913 ipse
528 1834 560 1897 in
590 1834 724 1915 quadam
755 1834 951 1915 processione
981 1833 1060 1897 clara
1090 1834 1157 1898 luce
1186 1838 1277 1913 esset,
1308 1835 1440 1899 occurrit
1468 1836 1498 1897 ei

431 1922 532 1987 dictus
555 1923 699 2004 magister
719 1942 796 1988 suus
818 1940 889 1987 cum
913 1922 1039 1988 duobus
1061 1923 1165 1987 torciis
1187 1924 1350 2001 succensis
1373 1928 1403 1987 et
1425 1942 1497 1988 cum

377 2029 420 2077 oso
434 2029 559 2077 causam
583 2012 677 2093 huius
698 2011 767 2077 facti
791 2012 958 2093 requireret
972 2012 1144 2093 episcopus,
1167 2013 1219 2076 ait:
1247 2012 1413 2090 „Domine
1437 2013 1499 2076 hoc

433 2100 505 2165 ideo
528 2100 594 2179 leci,
622 2106 657 2165 ut
678 2102 823 2183 repellam
845 2119 864 2164 a
886 2100 977 2165 vobis
999 2101 1151 2165 cecitatem
1175 2120 1269 2181 quam
1293 2101 1442 2165 videbatis
1465 2102 1497 2164 in

432 2190 508 2268 aliis,
531 2190 586 2270 qui
610 2208 740 2255 menon
756 2190 917 2265 vombant3
940 2194 1056 2254 tantum
1076 2190 1224 2255 transistis
1238 2209 1276 2253 ex
1291 2191 1499 2271 acquisicione

433 2279 563 2343 honoris
585 2283 614 2342 et
635 2279 825 2357 diviciarum,
848 2284 882 2343 ut
904 2296 967 2344 non
990 2278 1117 2343 videatis
1139 2279 1171 2343 in
1194 2280 1285 2343 vobis
1304 2279 1391 2343 dives
1410 2279 1497 2359 quod

433 2366 582 2432 videbatis
605 2369 636 2430 in
659 2369 727 2432 aliis
749 2387 867 2450 pauper
887 2374 957 2433 ante
979 2363 1204 2449 episcopatum!
1221 2416 1229 2432 .
1246 2412 1276 2431 ..

807 2535 859 2594 rr.
895 2529 948 2609 [=
973 2528 1003 2593 s.
1030 2529 1117 2609 arr.)

378 2671 421 2719 ooo
525 2652 685 2723 Referebat
711 2653 854 2735 magister
876 2652 1045 2717 Nicholaus
1071 2652 1112 2715 de
1135 2652 1345 2733 Flavin1iacol,
1376 2652 1407 2715 in
1435 2670 1498 2716 ser-

434 2762 529 2808 mone
551 2742 698 2823 quodam,
729 2743 966 2824 quodquidam
997 2759 1087 2806 cecus
1110 2759 1227 2823 pauper
1253 2742 1293 2805 de
1321 2740 1498 2805 elemosinis

433 2834 494 2897 sibi
528 2833 606 2897 datis
639 2833 838 2914 congregavit
871 2832 1041 2914 pecuniam,
1075 2831 1260 2894 subtrahens
1293 2848 1344 2894 eas
1379 2830 1434 2909 ori,
1469 2834 1499 2893 et

435 2923 596 2987 vendebat.
650 2922 715 2996 Qui
749 2923 846 2986 iactus
879 2921 1036 2985 usurarius
1069 2920 1272 2983 accumulavit
1305 2920 1432 2983 multam
1465 2918 1497 2981 in

434 3014 534 3094 archa,
558 3012 633 3076 nulli
656 3012 763 3077 sinens
785 3012 828 3075 ibi
852 3016 984 3092 tangere,
1007 3028 1064 3073 nec
1085 3009 1218 3073 audebat
1232 3026 1299 3073 eam
1315 3008 1496 3085 diminuere,

380 3122 423 3169 ooo
437 3103 493 3167 sed
515 3121 550 3167 se
571 3102 728 3182 affligebat
748 3102 864 3182 frigore
879 3106 909 3164 et
924 3099 1058 3163 nuditate
1080 3102 1109 3161 et
1131 3098 1220 3162 lame.
1260 3099 1295 3161 Et
1317 3115 1389 3161 cum
1411 3097 1499 3161 solus

435 3193 546 3273 jaceret
579 3193 610 3255 ln
649 3210 768 3255 camera
802 3192 834 3254 in
869 3208 931 3272 qua
962 3192 1025 3252 erat
1057 3188 1199 3268 pecunia,
1233 3187 1378 3267 surgebat
1409 3190 1498 3249 nocte

437 3282 546 3361 media,
568 3288 605 3361 et,
628 3281 768 3363 aperiens
790 3281 922 3356 archam,
946 3276 1148 3342 delectabatur
1162 3276 1284 3356 singula
1298 3275 1455 3339 tractando
1470 3278 1500 3337 et

436 3372 663 3437 considerando
685 3374 715 3433 et
740 3369 951 3451 computando
977 3367 1003 3431 si
1031 3366 1137 3429 omnia
1168 3364 1211 3429 ibi
1242 3368 1342 3427 essent
1369 3364 1498 3444 integre;

436 3465 467 3525 et
487 3463 631 3526 audiebat
653 3460 695 3525 ibi
719 3478 827 3523 vocem
851 3456 937 3539 quod
968 3456 999 3518 in
1031 3456 1082 3518 illa
1111 3453 1240 3535 pecunia
1269 3452 1345 3515 nihil
1374 3453 1499 3516 haberet

382 3570 424 3617 ooo
439 3557 468 3616 et
489 3552 576 3633 qnod
600 3550 744 3614 inutiliter
765 3548 806 3611 de
827 3566 864 3611 ea
885 3546 1039 3627 gauderet,
1063 3562 1133 3607 cum
1152 3546 1230 3607 esset
1245 3541 1322 3605 labri
1339 3540 1498 3621 cujusdam

437 3642 563 3705 civitatis
591 3641 776 3722 propinque.
821 3636 920 3712 Quod
947 3652 1036 3699 cecus
1067 3651 1140 3713 sepe
1169 3630 1298 3695 audiens
1325 3634 1354 3693 et
1381 3630 1498 3707 dolens,

438 3731 545 3795 maluit
565 3748 633 3793 eam
656 3728 784 3810 perdere
806 3745 900 3807 quam
923 3724 963 3789 ad
994 3724 1080 3786 illum
1109 3720 1273 3784 deveniret.
1321 3719 1402 3783 Fecit
1424 3736 1499 3798 ergo

437 3821 503 3885 lodi
528 3819 696 3883 maximum
725 3822 868 3880 truncum
891 3815 945 3896 qui
976 3816 1039 3876 erat
1062 3812 1093 3874 in
1116 3810 1213 3875 domo
1241 3825 1305 3886 sua,
1337 3812 1366 3870 et
1388 3806 1499 3871 dictam

438 3911 599 3993 pecuniam
624 3909 667 3973 ibi
697 3905 825 3984 intrusit,
855 3909 885 3969 et
914 3902 1083 3986 precipitari
1114 3897 1184 3962 lecit
1205 3916 1272 3961 eam
1304 3896 1335 3959 in
1358 3896 1499 3973 fluvium,

383 4020 426 4069 sor
441 4007 474 4066 ut
496 4002 578 4066 illins
601 3998 705 4063 nullus
731 3995 856 4060 haberet
878 4012 979 4059 usum.
1026 3991 1193 4054 Piscatores
1215 3990 1325 4063 autem,
1353 4002 1409 4065 per
1431 3984 1499 4047 des

440 4111 566 4156 censum
589 4090 676 4153 lluvii
693 4085 857 4170 piscacioni
874 4082 1072 4156 intendentes,
1092 4094 1165 4140 cum
1181 4092 1293 4154 sagena
1309 4077 1501 4173 exuaxemnt

440 4182 555 4245 dictum
578 4186 720 4243 truncum
744 4180 774 4238 et
795 4175 992 4255 portaverunt
1013 4168 1052 4232 ad
1069 4168 1150 4229 littus
1165 4163 1244 4226 dicte
1259 4162 1394 4225 civitatis.
1435 4162 1499 4227 Ubr
