3584 4884
724 387 964 447 -135-

306 561 432 640 expelli.
479 561 531 623 llle
561 578 635 623 vero
665 560 710 623 sic
739 561 909 640 flagellatus
932 566 960 624 et
988 562 1133 642 expulsus
1163 563 1248 626 fleuit
1276 581 1377 626 amare

308 655 339 711 et
363 649 416 711 ait:
451 649 502 714 „0
526 649 602 711 deus
626 667 720 726 meus,
752 650 826 729 quid
853 652 913 713 hoc
940 668 1006 714 esse
1034 655 1139 731 potest,
1171 652 1256 730 quod
1281 652 1376 730 miles,

310 756 407 817 quem
439 737 478 800 ad
509 738 651 800 miliciam
683 740 836 818 promoui,
871 740 1013 803 noticiam
1045 742 1104 802 mei
1136 759 1200 804 non
1230 741 1321 803 habet
1349 745 1378 803 et

251 841 294 887 ras
311 845 385 888 cum
411 827 472 890 hoc
494 845 545 889 me
567 826 700 906 grauiter
721 828 914 891 uerberauit?
961 829 1021 892 liic
1050 847 1147 910 prope
1177 833 1221 892 est
1251 829 1376 909 quidam

309 916 377 977 dux
400 915 593 979 consiliarius
616 933 712 979 meus.
759 915 808 978 Ad
836 926 908 979 eum
940 936 1064 997 pergam
1096 922 1125 980 et
1154 919 1375 981 neccessitatem

309 1023 413 1066 meam
438 1005 465 1066 ei
489 1004 661 1081 ostendam;
685 1023 741 1086 per
763 1024 855 1084 quem
879 1010 987 1086 potero
1006 1006 1093 1068 indui
1114 1011 1143 1069 et
1164 1006 1202 1068 ad
1226 1007 1375 1087 palacium

309 1111 418 1155 meum
454 1108 608 1173 pergeret
665 1093 746 1156 Cum
778 1112 851 1157 vero
885 1093 925 1156 ad
960 1095 1081 1156 ianuam
1117 1093 1204 1157 ducis
1237 1095 1376 1172 venisset,

310 1182 463 1263 pulsabat
532 1183 643 1244 lanitor
680 1182 808 1246 audiens
847 1183 1055 1263 pulsacionem
1097 1183 1209 1246 ostium
1246 1184 1375 1264 aperuit,

254 1287 295 1332 rao
313 1271 374 1349 (Βὶ.
401 1272 486 1349 64ν.)
511 1275 632 1333 etcum
664 1271 821 1334 hominem
850 1271 969 1334 nudum
998 1272 1130 1347 vidisset,
1160 1272 1377 1334 ammirabatur

310 1365 341 1422 et
364 1360 416 1422 ait:
445 1359 545 1433 „Quis
567 1377 600 1422 es
623 1363 654 1420 tu
678 1363 706 1421 et
729 1378 823 1440 quare
846 1361 890 1423 sic
912 1360 1041 1422 totaliter
1064 1361 1167 1423 nudus
1181 1360 1373 1423 aduenisti?¹¹

309 1449 352 1510 nt
375 1449 439 1511 ille:
475 1449 583 1527 „Rogo
606 1452 643 1525 te,
674 1448 720 1511 iac
743 1450 906 1528 negocium
936 1467 1039 1512 meum
1069 1467 1139 1512 curn
1170 1449 1262 1511 duce!
1311 1450 1376 1528 Ego

311 1555 382 1599 sum
407 1537 572 1616 imperator
603 1541 670 1599 eta
698 1556 768 1600 casu
797 1538 975 1600 vestimenta
1005 1543 1034 1600 et
1063 1556 1176 1617 eqvurn
1205 1537 1324 1618 perdidi
1348 1542 1377 1602 et

312 1626 386 1688 ideo
410 1627 449 1687 ad
473 1645 543 1688 eum
567 1626 646 1703 veni,
677 1631 710 1688 ut
733 1627 825 1689 michi
857 1627 887 1688 in
917 1627 973 1689 hac
996 1627 1169 1689 necessitate
1191 1631 1372 1690 succurrat¹⁴

257 1729 297 1776 raa
314 1716 429 1777 ianitor
458 1733 527 1777 cum
559 1715 652 1777 verba
679 1715 745 1777 eius
772 1715 914 1793 audisset,
944 1716 1168 1792 ammirabatur,
1200 1716 1322 1778 intrauit
1348 1721 1377 1778 et

311 1803 444 1866 domino
475 1821 533 1866 suo
562 1803 771 1880 annunciauit,
808 1804 893 1883 quod
925 1804 1051 1883 quidam
1084 1805 1179 1866 homo
1211 1804 1313 1866 nudus
1344 1804 1375 1866 in

311 1897 400 1973 porta
424 1898 509 1969 esset,
540 1893 594 1972 qui
622 1893 734 1954 diceret
763 1911 796 1955 se
820 1894 1033 1973 imperatorem
1064 1910 1130 1955 esse
1159 1896 1189 1955 et
1219 1893 1375 1955 introitum

311 1985 434 2061 peteret.
480 1981 531 2043 Ait
552 1980 628 2043 dux:
664 1981 754 2046 „cito
777 2000 848 2044 eum
873 1982 1023 2057 introduc,
1054 1986 1088 2043 ut
1108 1981 1275 2057 videamus,
1307 1981 1376 2060 quis

311 2071 358 2148 sit,
382 2071 437 2150 qui
462 2070 610 2149 presumit
632 2087 664 2132 se
688 2071 902 2150 imperatorem
927 2071 1120 2133 nominare!u
1170 2070 1281 2132 ianitor
1302 2088 1376 2133 vero

258 2175 297 2220 rto
313 2159 448 2222 hostium
481 2159 599 2238 aperuit
631 2177 667 2221 ac
696 2159 871 2232 introduxit.
918 2160 1084 2238 Imperator
1113 2159 1254 2221 noticiam
1290 2159 1376 2221 ducis

312 2247 484 2328 peroptime
508 2248 646 2324 habebat,
669 2246 724 2310 scd
748 2248 799 2309 ille
822 2247 887 2309 eius
911 2247 1053 2310 noticiam
1078 2248 1109 2309 in
1133 2248 1230 2310 nullo.
1277 2247 1327 2310 Ait
1348 2249 1375 2310 ei

312 2336 388 2399 dux:
416 2336 517 2410 „Quis
532 2354 564 2398 es
579 2338 653 2398 tuit
697 2337 732 2398 Et
755 2337 817 2398 ille:
845 2337 931 2415 „Ego
954 2354 1023 2398 sum
1048 2337 1213 2416 imperator
1235 2341 1264 2398 et
1286 2341 1314 2398 te
1336 2337 1375 2398 ad

312 2427 449 2488 honores
472 2429 501 2486 et
522 2424 561 2487 ad
586 2425 729 2487 ducatum
751 2425 895 2505 promoui
912 2430 941 2488 et
955 2425 1162 2488 consiliarium
1179 2444 1282 2488 meum
1300 2426 1377 2487 inter

312 2515 389 2577 alios
413 2514 583 2576 constituit
631 2514 682 2575 nit
704 2513 780 2576 dux:
813 2515 951 2579 „insanis
980 2514 1080 2591 miser,
1111 2533 1219 2594 parum
1250 2520 1318 2577 ante
1348 2519 1377 2576 te

259 2617 298 2664 ras
314 2603 433 2683 perrexi
465 2620 535 2665 cum
566 2603 696 2666 domino
727 2621 796 2666 meo
827 2604 1010 2684 imperatore
1038 2621 1145 2666 versus
1175 2604 1323 2683 palacium
1348 2609 1377 2665 et

313 2709 455 2754 reuersus
477 2709 546 2754 sum
554 2712 561 2768 ;
594 2695 624 2753 et
646 2691 718 2771 quia
741 2692 829 2754 talem
861 2691 992 2771 gradum
1015 2692 1070 2754 tibi
1101 2692 1289 2772 apropriasti,
1320 2692 1375 2753 im-

312 2798 395 2860 pune
419 2798 483 2843 non
507 2781 677 2843 transibis.u
724 2781 803 2843 Fecit
826 2799 895 2843 eum
922 2781 1099 2843 incarcerari
1123 2785 1152 2843 et
1179 2799 1234 2860 per
1255 2781 1376 2859 aliquos

312 2869 378 2932 dies
413 2887 492 2949 pane
524 2873 553 2930 et
586 2887 667 2947 aqua
700 2868 868 2932 sustentari.
923 2869 1045 2931 Deinde
1079 2869 1119 2931 de
1153 2887 1270 2932 carcere
1304 2887 1374 2931 eum

313 2958 439 3020 extraxit
461 2962 490 3020 et
512 2975 609 3036 vsque
632 2957 671 3019 ad
695 2957 879 3021 effusionem
899 2958 1058 3037 sanguinis
1072 2958 1194 3037 egregie
1217 2958 1376 3020 verberare

259 3063 298 3108 ruo
313 3065 384 3108 eum
408 3047 478 3109 fecit
500 3051 528 3108 et
551 3047 590 3109 ab
620 3046 687 3108 eius
714 3050 791 3108 terra
820 3064 891 3109 eum
923 3046 1041 3110 deiecit.
1088 3047 1140 3108 ille
1168 3047 1212 3110 sic
1243 3046 1376 3109 deiectus

312 3136 394 3213 vltra,
426 3153 518 3215 quam
547 3135 629 3198 credi
658 3138 763 3216 potest,
794 3135 928 3215 gemitus
950 3139 979 3197 et
1008 3135 1138 3215 suspiria
1169 3135 1322 3198 emittebat
1348 3142 1377 3197 et

311 3225 352 3286 ait
374 3224 452 3286 intra
474 3242 519 3286 se:
554 3225 644 3289 „Heu
677 3224 782 3286 michi!
830 3223 917 3297 Quid
941 3224 1069 3286 faciam?
1116 3223 1274 3287 Confusus
1296 3242 1375 3286 sum.

313 3313 387 3376 Sum
412 3313 494 3375 enim
520 3313 724 3394 opprobrium
741 3313 904 3375 hominum
921 3317 950 3374 et
964 3313 1098 3376 abieccio
1122 3313 1229 3393 plebis.
1264 3313 1375 3375 Melius

313 3407 358 3464 est
389 3402 482 3464 michi
513 3402 551 3464 ad
583 3401 733 3482 palacium
765 3420 867 3464 meum
901 3420 1039 3482 pergere,
1075 3407 1104 3463 et
1134 3402 1194 3463 mei
1224 3401 1263 3464 de
1293 3402 1375 3464 curia

257 3506 298 3552 rto
313 3491 455 3553 noticiam
481 3491 540 3552 mei
564 3491 729 3553 habebunt
775 3490 806 3553 Si
835 3508 899 3553 non
928 3491 980 3567 illi,
1010 3490 1114 3552 saltem
1146 3490 1272 3552 domina
1299 3508 1376 3553 vxor

312 3597 379 3642 mea
403 3579 545 3642 noticiam
571 3580 629 3642 mei
655 3580 778 3642 habebit
793 3599 848 3660 per
863 3584 943 3642 certa
965 3580 1081 3658 signa.u
1123 3579 1215 3642 Solus
1229 3579 1268 3640 ad
1284 3579 1375 3659 palla-

311 3669 392 3730 cium
417 3667 546 3731 totaliter
575 3668 679 3730 nudus
706 3669 837 3746 accessit,
868 3668 907 3730 ad
931 3669 1052 3730 ianuam
1077 3667 1218 3748 pulsauit.
1264 3667 1376 3729 Audita

311 3757 489 3836 pulsacione
521 3757 631 3820 ianitor
661 3757 783 3820 ianuam
814 3757 962 3838 apperuit.
1008 3757 1111 3830 Quem
1142 3775 1212 3818 cum
1243 3757 1374 3832 vidisset,

311 3846 364 3908 ait:
403 3846 484 3910 „Dic
513 3846 614 3922 michi,
650 3845 719 3925 quis
750 3865 782 3908 es
812 3848 885 3908 tu?¹¹
937 3846 972 3906 Et
999 3846 1061 3906 ille:
1099 3845 1280 3924 „Numquid
1311 3862 1374 3907 non

256 3951 297 3997 rao
313 3935 411 3998 nostis
449 3935 539 3997 me?⁴¹
589 3935 652 4008 Qui
687 3935 738 3997 ait:
780 3937 832 3999 „ln
866 3934 982 3996 nullo.u
1030 3934 1069 3995 nt
1105 3934 1168 3996 ille:
1209 3933 1279 3999 „De
1317 3935 1376 3996 hoc

309 4023 466 4100 ammiror,
500 4022 573 4102 quia
606 4028 709 4102 portas
740 4041 822 4085 meas
851 4027 978 4085 vestest
1026 4021 1090 4095 Qui
1119 4023 1171 4084 ait:
1210 4022 1374 4099 „Mentiris

309 4111 384 4192 quia
407 4115 505 4176 vestes
528 4111 647 4174 domini
672 4111 731 4173 mei
755 4112 947 4192 imperatoris
970 4115 1088 4191 portos*
1138 4111 1174 4172 Et
1195 4110 1257 4172 ille:
1289 4111 1374 4189 „Ego
