<?xml version="1.0" encoding="UTF-8"?>
<!DOCTYPE html PUBLIC "-//W3C//DTD XHTML 1.0 Transitional//EN"
    "http://www.w3.org/TR/xhtml1/DTD/xhtml1-transitional.dtd">
<html xmlns="http://www.w3.org/1999/xhtml" xml:lang="en" lang="en">
 <head>
  <title>
</title>
<meta http-equiv="Content-Type" content="text/html;charset=utf-8" />
  <meta name='ocr-system' content='tesseract 3.04.00' />
  <meta name='ocr-capabilities' content='ocr_page ocr_carea ocr_par ocr_line ocrx_word'/>
</head>
<body>
  <div class='ocr_page' id='page_1' title='image "./probenderlatein01ulrigoog_0059.png"; bbox 0 0 3584 4884; ppageno 0'>
   <div class='ocr_carea' id='block_1_1' title="bbox 852 432 1071 492">
    <p class='ocr_par' dir='ltr' id='par_1_1' title="bbox 852 432 1071 492">
     <span class='ocr_line' id='line_1_1' title="bbox 852 432 1071 492; baseline 0.009 -19"><span class='ocrx_word' id='word_1_1' title='bbox 852 432 1071 492; x_wconf 69' lang='lat'><strong>„50-</strong></span> 
     </span>
    </p>
   </div>
   <div class='ocr_carea' id='block_1_2' title="bbox 375 606 1505 4237">
    <p class='ocr_par' dir='ltr' id='par_1_2' title="bbox 375 606 1505 4237">
     <span class='ocr_line' id='line_1_2' title="bbox 429 606 1500 673; baseline 0.004 -4"><span class='ocrx_word' id='word_1_2' title='bbox 429 606 498 669; x_wconf 91' lang='lat' dir='ltr'>loco</span> <span class='ocrx_word' id='word_1_3' title='bbox 522 610 622 669; x_wconf 89' lang='lat' dir='ltr'>vestro</span> <span class='ocrx_word' id='word_1_4' title='bbox 646 611 674 669; x_wconf 93' lang='lat' dir='ltr'>et</span> <span class='ocrx_word' id='word_1_5' title='bbox 697 607 835 669; x_wconf 91' lang='lat' dir='ltr'>dimittite</span> <span class='ocrx_word' id='word_1_6' title='bbox 859 626 909 670; x_wconf 89' lang='lat' dir='ltr'>me</span> <span class='ocrx_word' id='word_1_7' title='bbox 932 612 1055 671; x_wconf 89' lang='lat' dir='ltr'>tractare</span> <span class='ocrx_word' id='word_1_8' title='bbox 1071 626 1141 670; x_wconf 91' lang='lat' dir='ltr'>curn</span> <span class='ocrx_word' id='word_1_9' title='bbox 1166 608 1264 671; x_wconf 92' lang='lat' dir='ltr'>leone.</span> <span class='ocrx_word' id='word_1_10' title='bbox 1300 610 1336 671; x_wconf 82' lang='lat' dir='ltr'>Et</span> <span class='ocrx_word' id='word_1_11' title='bbox 1351 609 1500 673; x_wconf 82' lang='lat' dir='ltr'>recedens</span> 
     </span>
     <span class='ocr_line' id='line_1_3' title="bbox 430 690 1500 781; baseline 0.004 -24"><span class='ocrx_word' id='word_1_12' title='bbox 430 696 482 758; x_wconf 92' lang='lat' dir='ltr'>ivit</span> <span class='ocrx_word' id='word_1_13' title='bbox 497 695 535 758; x_wconf 90' lang='lat' dir='ltr'>ad</span> <span class='ocrx_word' id='word_1_14' title='bbox 552 714 633 758; x_wconf 92' lang='lat' dir='ltr'>eum.</span> <span class='ocrx_word' id='word_1_15' title='bbox 652 690 655 781; x_wconf 72' lang='lat' dir='ltr'>l</span> <span class='ocrx_word' id='word_1_16' title='bbox 672 698 706 758; x_wconf 82' lang='lat' dir='ltr'>Et</span> <span class='ocrx_word' id='word_1_17' title='bbox 729 712 798 759; x_wconf 93' lang='lat' dir='ltr'>cum</span> <span class='ocrx_word' id='word_1_18' title='bbox 815 696 941 759; x_wconf 90' lang='lat' dir='ltr'>vidisset</span> <span class='ocrx_word' id='word_1_19' title='bbox 956 696 1058 776; x_wconf 91' lang='lat' dir='ltr'>ipsum</span> <span class='ocrx_word' id='word_1_20' title='bbox 1075 697 1132 773; x_wconf 91' lang='lat' dir='ltr'>leo,</span> <span class='ocrx_word' id='word_1_21' title='bbox 1156 697 1233 759; x_wconf 81' lang='lat' dir='ltr'>dixit</span> <span class='ocrx_word' id='word_1_22' title='bbox 1248 697 1288 760; x_wconf 89' lang='lat' dir='ltr'>ei:</span> <span class='ocrx_word' id='word_1_23' title='bbox 1314 698 1500 761; x_wconf 91' lang='lat' dir='ltr'>Invenistine</span> 
     </span>
     <span class='ocr_line' id='line_1_4' title="bbox 429 784 1498 869; baseline 0.003 -23"><span class='ocrx_word' id='word_1_24' title='bbox 429 784 568 863; x_wconf 89' lang='lat' dir='ltr'>aliquid?</span> <span class='ocrx_word' id='word_1_25' title='bbox 608 784 668 848; x_wconf 91' lang='lat' dir='ltr'>Cui</span> <span class='ocrx_word' id='word_1_26' title='bbox 686 785 845 869; x_wconf 89' lang='lat' dir='ltr'>respondit</span> <span class='ocrx_word' id='word_1_27' title='bbox 868 803 992 847; x_wconf 91' lang='lat' dir='ltr'>corvus:</span> <span class='ocrx_word' id='word_1_28' title='bbox 1017 786 1089 847; x_wconf 92' lang='lat' dir='ltr'>Non</span> <span class='ocrx_word' id='word_1_29' title='bbox 1115 786 1230 848; x_wconf 92' lang='lat' dir='ltr'>invenit</span> <span class='ocrx_word' id='word_1_30' title='bbox 1245 786 1304 849; x_wconf 93' lang='lat' dir='ltr'>nisi</span> <span class='ocrx_word' id='word_1_31' title='bbox 1328 787 1381 865; x_wconf 95' lang='lat' dir='ltr'>qui</span> <span class='ocrx_word' id='word_1_32' title='bbox 1398 787 1498 864; x_wconf 87' lang='lat' dir='ltr'>habet,</span> 
     </span>
     <span class='ocr_line' id='line_1_5' title="bbox 375 873 1500 953; baseline 0.004 -19"><span class='ocrx_word' id='word_1_33' title='bbox 375 899 416 945; x_wconf 79' lang='lat' dir='ltr'>am</span> <span class='ocrx_word' id='word_1_34' title='bbox 432 891 488 936; x_wconf 93' lang='lat' dir='ltr'>nec</span> <span class='ocrx_word' id='word_1_35' title='bbox 510 873 649 953; x_wconf 84' lang='lat' dir='ltr'>intelligit</span> <span class='ocrx_word' id='word_1_36' title='bbox 672 874 730 937; x_wconf 93' lang='lat' dir='ltr'>nisi</span> <span class='ocrx_word' id='word_1_37' title='bbox 756 874 872 937; x_wconf 91' lang='lat' dir='ltr'>habens</span> <span class='ocrx_word' id='word_1_38' title='bbox 896 874 1089 951; x_wconf 89' lang='lat' dir='ltr'>intellectum,</span> <span class='ocrx_word' id='word_1_39' title='bbox 1114 893 1170 937; x_wconf 91' lang='lat' dir='ltr'>nec</span> <span class='ocrx_word' id='word_1_40' title='bbox 1192 874 1275 937; x_wconf 91' lang='lat' dir='ltr'>videt</span> <span class='ocrx_word' id='word_1_41' title='bbox 1298 876 1355 937; x_wconf 90' lang='lat' dir='ltr'>nisi</span> <span class='ocrx_word' id='word_1_42' title='bbox 1380 876 1500 939; x_wconf 91' lang='lat' dir='ltr'>habens</span> 
     </span>
     <span class='ocr_line' id='line_1_6' title="bbox 431 962 1498 1043; baseline 0.004 -19"><span class='ocrx_word' id='word_1_43' title='bbox 431 962 551 1043; x_wconf 73' lang='lat' dir='ltr'>oculos,</span> <span class='ocrx_word' id='word_1_44' title='bbox 587 963 684 1025; x_wconf 89' lang='lat' dir='ltr'>tames</span> <span class='ocrx_word' id='word_1_45' title='bbox 718 966 818 1025; x_wconf 91' lang='lat' dir='ltr'>autem</span> <span class='ocrx_word' id='word_1_46' title='bbox 848 962 973 1025; x_wconf 88' lang='lat' dir='ltr'>abstulit</span> <span class='ocrx_word' id='word_1_47' title='bbox 1006 962 1099 1025; x_wconf 91' lang='lat' dir='ltr'>nobis</span> <span class='ocrx_word' id='word_1_48' title='bbox 1129 963 1185 1025; x_wconf 91' lang='lat' dir='ltr'>hec</span> <span class='ocrx_word' id='word_1_49' title='bbox 1215 963 1327 1026; x_wconf 84' lang='lat' dir='ltr'>omnia</span> <span class='ocrx_word' id='word_1_50' title='bbox 1382 966 1498 1028; x_wconf 91' lang='lat' dir='ltr'>Verum</span> 
     </span>
     <span class='ocr_line' id='line_1_7' title="bbox 430 1051 1498 1133; baseline 0.002 -20"><span class='ocrx_word' id='word_1_51' title='bbox 430 1051 631 1129; x_wconf 84' lang='lat' dir='ltr'><strong>cogitavimus</strong></span> <span class='ocrx_word' id='word_1_52' title='bbox 645 1069 742 1113; x_wconf 92' lang='lat' dir='ltr'>unum</span> <span class='ocrx_word' id='word_1_53' title='bbox 760 1069 830 1113; x_wconf 91' lang='lat' dir='ltr'>cum</span> <span class='ocrx_word' id='word_1_54' title='bbox 848 1069 912 1129; x_wconf 90' lang='lat' dir='ltr'>quo</span> <span class='ocrx_word' id='word_1_55' title='bbox 928 1068 1088 1131; x_wconf 89' lang='lat' dir='ltr'>speramus</span> <span class='ocrx_word' id='word_1_56' title='bbox 1103 1052 1216 1114; x_wconf 88' lang='lat' dir='ltr'>habere</span> <span class='ocrx_word' id='word_1_57' title='bbox 1235 1053 1498 1133; x_wconf 81' lang='lat' dir='ltr'>recuperationem</span> 
     </span>
     <span class='ocr_line' id='line_1_8' title="bbox 431 1139 1498 1219; baseline 0.004 -19"><span class='ocrx_word' id='word_1_58' title='bbox 431 1144 459 1201; x_wconf 88' lang='lat' dir='ltr'>et</span> <span class='ocrx_word' id='word_1_59' title='bbox 481 1139 572 1201; x_wconf 90' lang='lat' dir='ltr'>vitam</span> <span class='ocrx_word' id='word_1_60' title='bbox 598 1158 655 1219; x_wconf 91' lang='lat' dir='ltr'>pro</span> <span class='ocrx_word' id='word_1_61' title='bbox 685 1144 714 1201; x_wconf 90' lang='lat' dir='ltr'>te</span> <span class='ocrx_word' id='word_1_62' title='bbox 737 1143 765 1201; x_wconf 91' lang='lat' dir='ltr'>et</span> <span class='ocrx_word' id='word_1_63' title='bbox 789 1140 888 1202; x_wconf 92' lang='lat' dir='ltr'>nobis.</span> <span class='ocrx_word' id='word_1_64' title='bbox 936 1140 1139 1219; x_wconf 84' lang='lat' dir='ltr'>Respondens</span> <span class='ocrx_word' id='word_1_65' title='bbox 1163 1141 1212 1203; x_wconf 93' lang='lat' dir='ltr'>leo</span> <span class='ocrx_word' id='word_1_66' title='bbox 1235 1140 1313 1203; x_wconf 82' lang='lat' dir='ltr'>dixit</span> <span class='ocrx_word' id='word_1_67' title='bbox 1334 1142 1377 1204; x_wconf 91' lang='lat' dir='ltr'>ei:</span> <span class='ocrx_word' id='word_1_68' title='bbox 1410 1142 1498 1216; x_wconf 87' lang='lat' dir='ltr'>Quid</span> 
     </span>
     <span class='ocr_line' id='line_1_9' title="bbox 431 1227 1498 1310; baseline 0.004 -20"><span class='ocrx_word' id='word_1_69' title='bbox 431 1232 475 1290; x_wconf 90' lang='lat' dir='ltr'>est</span> <span class='ocrx_word' id='word_1_70' title='bbox 497 1227 572 1290; x_wconf 92' lang='lat' dir='ltr'>illud</span> <span class='ocrx_word' id='word_1_71' title='bbox 597 1228 682 1307; x_wconf 90' lang='lat' dir='ltr'>quod</span> <span class='ocrx_word' id='word_1_72' title='bbox 706 1228 880 1307; x_wconf 88' lang='lat' dir='ltr'>cogitastis?</span> <span class='ocrx_word' id='word_1_73' title='bbox 926 1228 977 1290; x_wconf 77' lang='lat' dir='ltr'>nit</span> <span class='ocrx_word' id='word_1_74' title='bbox 999 1247 1122 1291; x_wconf 87' lang='lat' dir='ltr'>corvus:</span> <span class='ocrx_word' id='word_1_75' title='bbox 1145 1229 1275 1292; x_wconf 91' lang='lat' dir='ltr'>Videtur</span> <span class='ocrx_word' id='word_1_76' title='bbox 1297 1230 1389 1293; x_wconf 91' lang='lat' dir='ltr'>nobis</span> <span class='ocrx_word' id='word_1_77' title='bbox 1411 1231 1498 1310; x_wconf 90' lang='lat' dir='ltr'>quod</span> 
     </span>
     <span class='ocr_line' id='line_1_10' title="bbox 377 1316 1499 1397; baseline 0.004 -19"><span class='ocrx_word' id='word_1_78' title='bbox 377 1340 418 1387; x_wconf 66' lang='grc' dir='ltr'>ηας</span> <span class='ocrx_word' id='word_1_79' title='bbox 433 1316 531 1397; x_wconf 86' lang='lat' dir='ltr'>rapias</span> <span class='ocrx_word' id='word_1_80' title='bbox 554 1317 638 1380; x_wconf 92' lang='lat' dir='ltr'>hunc</span> <span class='ocrx_word' id='word_1_81' title='bbox 660 1317 809 1379; x_wconf 92' lang='lat' dir='ltr'>camelum</span> <span class='ocrx_word' id='word_1_82' title='bbox 827 1321 855 1379; x_wconf 91' lang='lat' dir='ltr'>et</span> <span class='ocrx_word' id='word_1_83' title='bbox 872 1317 1017 1379; x_wconf 88' lang='lat' dir='ltr'>comedas</span> <span class='ocrx_word' id='word_1_84' title='bbox 1032 1318 1142 1397; x_wconf 91' lang='lat' dir='ltr'>ipsum,</span> <span class='ocrx_word' id='word_1_85' title='bbox 1166 1318 1239 1397; x_wconf 90' lang='lat' dir='ltr'>quia</span> <span class='ocrx_word' id='word_1_86' title='bbox 1255 1336 1319 1381; x_wconf 93' lang='lat' dir='ltr'>non</span> <span class='ocrx_word' id='word_1_87' title='bbox 1342 1323 1387 1382; x_wconf 90' lang='lat' dir='ltr'>est</span> <span class='ocrx_word' id='word_1_88' title='bbox 1402 1321 1499 1382; x_wconf 80' lang='lat' dir='ltr'>nostri</span> 
     </span>
     <span class='ocr_line' id='line_1_11' title="bbox 432 1405 1499 1484; baseline 0.004 -17"><span class='ocrx_word' id='word_1_89' title='bbox 432 1406 553 1484; x_wconf 85' lang='lat' dir='ltr'>generis</span> <span class='ocrx_word' id='word_1_90' title='bbox 576 1410 604 1469; x_wconf 96' lang='lat' dir='ltr'>et</span> <span class='ocrx_word' id='word_1_91' title='bbox 627 1424 685 1469; x_wconf 90' lang='lat' dir='ltr'>nos</span> <span class='ocrx_word' id='word_1_92' title='bbox 708 1405 764 1481; x_wconf 91' lang='lat' dir='ltr'>sui,</span> <span class='ocrx_word' id='word_1_93' title='bbox 797 1423 853 1468; x_wconf 92' lang='lat' dir='ltr'>nec</span> <span class='ocrx_word' id='word_1_94' title='bbox 882 1406 949 1469; x_wconf 90' lang='lat' dir='ltr'>eius</span> <span class='ocrx_word' id='word_1_95' title='bbox 975 1406 1138 1469; x_wconf 91' lang='lat' dir='ltr'>consilium</span> <span class='ocrx_word' id='word_1_96' title='bbox 1167 1411 1211 1470; x_wconf 94' lang='lat' dir='ltr'>est</span> <span class='ocrx_word' id='word_1_97' title='bbox 1243 1408 1339 1469; x_wconf 88' lang='lat' dir='ltr'>nostri</span> <span class='ocrx_word' id='word_1_98' title='bbox 1370 1408 1499 1471; x_wconf 88' lang='lat' dir='ltr'>consilii.</span> 
     </span>
     <span class='ocr_line' id='line_1_12' title="bbox 433 1493 1501 1574; baseline 0.005 -19"><span class='ocrx_word' id='word_1_99' title='bbox 433 1495 469 1555; x_wconf 83' lang='lat' dir='ltr'>Et</span> <span class='ocrx_word' id='word_1_100' title='bbox 491 1494 584 1556; x_wconf 91' lang='lat' dir='ltr'>iratus</span> <span class='ocrx_word' id='word_1_101' title='bbox 607 1494 655 1557; x_wconf 94' lang='lat' dir='ltr'>leo</span> <span class='ocrx_word' id='word_1_102' title='bbox 679 1498 784 1557; x_wconf 91' lang='lat' dir='ltr'>contra</span> <span class='ocrx_word' id='word_1_103' title='bbox 807 1494 918 1574; x_wconf 90' lang='lat' dir='ltr'>ipsum,</span> <span class='ocrx_word' id='word_1_104' title='bbox 942 1494 1018 1557; x_wconf 87' lang='lat' dir='ltr'>dixit</span> <span class='ocrx_word' id='word_1_105' title='bbox 1033 1496 1073 1557; x_wconf 94' lang='lat' dir='ltr'>ei:</span> <span class='ocrx_word' id='word_1_106' title='bbox 1097 1493 1159 1558; x_wconf 90' lang='lat' dir='ltr'>Sile</span> <span class='ocrx_word' id='word_1_107' title='bbox 1174 1495 1341 1573; x_wconf 88' lang='lat' dir='ltr'>maledicte,</span> <span class='ocrx_word' id='word_1_108' title='bbox 1365 1497 1501 1560; x_wconf 84' lang='lat' dir='ltr'>destruat</span> 
     </span>
     <span class='ocr_line' id='line_1_13' title="bbox 431 1582 1501 1662; baseline 0.004 -18"><span class='ocrx_word' id='word_1_109' title='bbox 431 1586 460 1644; x_wconf 89' lang='lat' dir='ltr'>te</span> <span class='ocrx_word' id='word_1_110' title='bbox 483 1582 573 1645; x_wconf 91' lang='lat' dir='ltr'>deus!</span> <span class='ocrx_word' id='word_1_111' title='bbox 607 1601 700 1662; x_wconf 92' lang='lat' dir='ltr'>quam</span> <span class='ocrx_word' id='word_1_112' title='bbox 724 1583 784 1644; x_wconf 93' lang='lat' dir='ltr'>vile</span> <span class='ocrx_word' id='word_1_113' title='bbox 807 1587 836 1646; x_wconf 89' lang='lat' dir='ltr'>et</span> <span class='ocrx_word' id='word_1_114' title='bbox 859 1583 1029 1661; x_wconf 86' lang='lat' dir='ltr'>malignum</span> <span class='ocrx_word' id='word_1_115' title='bbox 1053 1588 1098 1646; x_wconf 92' lang='lat' dir='ltr'>est</span> <span class='ocrx_word' id='word_1_116' title='bbox 1120 1588 1207 1646; x_wconf 94' lang='lat' dir='ltr'>tuum</span> <span class='ocrx_word' id='word_1_117' title='bbox 1232 1585 1411 1648; x_wconf 89' lang='lat' dir='ltr'>consilium!</span> <span class='ocrx_word' id='word_1_118' title='bbox 1443 1604 1501 1649; x_wconf 90' lang='lat' dir='ltr'>nec</span> 
     </span>
     <span class='ocr_line' id='line_1_14' title="bbox 432 1671 1499 1737; baseline 0.004 -4"><span class='ocrx_word' id='word_1_119' title='bbox 432 1675 476 1734; x_wconf 88' lang='lat' dir='ltr'>est</span> <span class='ocrx_word' id='word_1_120' title='bbox 502 1671 533 1733; x_wconf 95' lang='lat' dir='ltr'>in</span> <span class='ocrx_word' id='word_1_121' title='bbox 561 1675 591 1733; x_wconf 91' lang='lat' dir='ltr'>te</span> <span class='ocrx_word' id='word_1_122' title='bbox 618 1671 827 1735; x_wconf 88' lang='lat' dir='ltr'>misericordia</span> <span class='ocrx_word' id='word_1_123' title='bbox 856 1676 884 1733; x_wconf 89' lang='lat' dir='ltr'>et</span> <span class='ocrx_word' id='word_1_124' title='bbox 913 1671 998 1735; x_wconf 88' lang='lat' dir='ltr'>iides.</span> <span class='ocrx_word' id='word_1_125' title='bbox 1044 1673 1117 1735; x_wconf 93' lang='lat' dir='ltr'>Non</span> <span class='ocrx_word' id='word_1_126' title='bbox 1146 1673 1228 1735; x_wconf 89' lang='lat' dir='ltr'>eninr</span> <span class='ocrx_word' id='word_1_127' title='bbox 1259 1673 1392 1737; x_wconf 90' lang='lat' dir='ltr'>debuisti</span> <span class='ocrx_word' id='word_1_128' title='bbox 1423 1674 1499 1737; x_wconf 87' lang='lat' dir='ltr'>milri</span> 
     </span>
     <span class='ocr_line' id='line_1_15' title="bbox 378 1760 1500 1841; baseline 0 -15"><span class='ocrx_word' id='word_1_129' title='bbox 378 1780 418 1826; x_wconf 83' lang='lat' dir='ltr'>no</span> <span class='ocrx_word' id='word_1_130' title='bbox 433 1763 579 1841; x_wconf 88' lang='lat' dir='ltr'>temptare</span> <span class='ocrx_word' id='word_1_131' title='bbox 602 1760 688 1841; x_wconf 91' lang='lat' dir='ltr'>loqui</span> <span class='ocrx_word' id='word_1_132' title='bbox 711 1760 840 1823; x_wconf 92' lang='lat' dir='ltr'>verbum</span> <span class='ocrx_word' id='word_1_133' title='bbox 865 1761 933 1824; x_wconf 90' lang='lat' dir='ltr'>hoc.</span> <span class='ocrx_word' id='word_1_134' title='bbox 971 1762 1019 1823; x_wconf 89' lang='grc' dir='ltr'>Αη</span> <span class='ocrx_word' id='word_1_135' title='bbox 1036 1761 1134 1823; x_wconf 90' lang='lat' dir='ltr'>nescis</span> <span class='ocrx_word' id='word_1_136' title='bbox 1150 1762 1226 1840; x_wconf 91' lang='lat' dir='ltr'>quid</span> <span class='ocrx_word' id='word_1_137' title='bbox 1242 1762 1365 1825; x_wconf 90' lang='lat' dir='ltr'>tecerim</span> <span class='ocrx_word' id='word_1_138' title='bbox 1382 1764 1500 1826; x_wconf 87' lang='lat' dir='ltr'>camelo</span> 
     </span>
     <span class='ocr_line' id='line_1_16' title="bbox 433 1846 1499 1930; baseline 0.003 -19"><span class='ocrx_word' id='word_1_139' title='bbox 433 1854 462 1911; x_wconf 91' lang='lat' dir='ltr'>et</span> <span class='ocrx_word' id='word_1_140' title='bbox 484 1849 647 1929; x_wconf 92' lang='lat' dir='ltr'>quomodo</span> <span class='ocrx_word' id='word_1_141' title='bbox 671 1850 773 1930; x_wconf 89' lang='lat' dir='ltr'>ipsum</span> <span class='ocrx_word' id='word_1_142' title='bbox 797 1868 866 1917; x_wconf 89' lang='lat' dir='ltr'>mea</span> <span class='ocrx_word' id='word_1_143' title='bbox 888 1849 952 1911; x_wconf 88' lang='lat' dir='ltr'>tide</span> <span class='ocrx_word' id='word_1_144' title='bbox 966 1846 1105 1913; x_wconf 78' lang='lat' dir='ltr'>servavi?</span> <span class='ocrx_word' id='word_1_145' title='bbox 1128 1868 1167 1911; x_wconf 91' lang='lat' dir='ltr'>an</span> <span class='ocrx_word' id='word_1_146' title='bbox 1187 1851 1286 1914; x_wconf 91' lang='lat' dir='ltr'>nescis</span> <span class='ocrx_word' id='word_1_147' title='bbox 1302 1852 1450 1930; x_wconf 93' lang='lat' dir='ltr'>quoniam</span> <span class='ocrx_word' id='word_1_148' title='bbox 1467 1853 1499 1914; x_wconf 92' lang='lat' dir='ltr'>in</span> 
     </span>
     <span class='ocr_line' id='line_1_17' title="bbox 433 1937 1501 2019; baseline 0.003 -19"><span class='ocrx_word' id='word_1_149' title='bbox 433 1938 552 2002; x_wconf 90' lang='lat' dir='ltr'>mundo</span> <span class='ocrx_word' id='word_1_150' title='bbox 576 1943 697 2002; x_wconf 90' lang='lat' dir='ltr'>nonest</span> <span class='ocrx_word' id='word_1_151' title='bbox 713 1937 812 2001; x_wconf 91' lang='lat' dir='ltr'>maior</span> <span class='ocrx_word' id='word_1_152' title='bbox 827 1938 944 2001; x_wconf 90' lang='lat' dir='ltr'>iusticia</span> <span class='ocrx_word' id='word_1_153' title='bbox 962 1942 992 2001; x_wconf 89' lang='lat' dir='ltr'>et</span> <span class='ocrx_word' id='word_1_154' title='bbox 1009 1938 1226 2017; x_wconf 86' lang='lat' dir='ltr'>misericordia,</span> <span class='ocrx_word' id='word_1_155' title='bbox 1242 1957 1335 2019; x_wconf 92' lang='lat' dir='ltr'>quam</span> <span class='ocrx_word' id='word_1_156' title='bbox 1350 1941 1501 2003; x_wconf 90' lang='lat' dir='ltr'>redimere</span> 
     </span>
     <span class='ocr_line' id='line_1_18' title="bbox 425 2027 1501 2109; baseline 0.002 -20"><span class='ocrx_word' id='word_1_157' title='bbox 425 2028 565 2105; x_wconf 86' lang='lat' dir='ltr'>animam</span> <span class='ocrx_word' id='word_1_158' title='bbox 583 2027 731 2107; x_wconf 89' lang='lat' dir='ltr'>captivam</span> <span class='ocrx_word' id='word_1_159' title='bbox 753 2032 782 2089; x_wconf 92' lang='lat' dir='ltr'>et</span> <span class='ocrx_word' id='word_1_160' title='bbox 801 2046 978 2090; x_wconf 90' lang='lat' dir='ltr'>succurrere</span> <span class='ocrx_word' id='word_1_161' title='bbox 994 2028 1137 2107; x_wconf 89' lang='lat' dir='ltr'>sanguini</span> <span class='ocrx_word' id='word_1_162' title='bbox 1154 2028 1207 2107; x_wconf 90' lang='lat' dir='ltr'>qui</span> <span class='ocrx_word' id='word_1_163' title='bbox 1226 2047 1324 2109; x_wconf 87' lang='lat' dir='ltr'>prope</span> <span class='ocrx_word' id='word_1_164' title='bbox 1340 2034 1385 2091; x_wconf 88' lang='lat' dir='ltr'>est</span> <span class='ocrx_word' id='word_1_165' title='bbox 1400 2031 1501 2093; x_wconf 86' lang='lat' dir='ltr'>eitun-</span> 
     </span>
     <span class='ocr_line' id='line_1_19' title="bbox 433 2114 1501 2195; baseline 0.004 -18"><span class='ocrx_word' id='word_1_166' title='bbox 433 2114 549 2181; x_wconf 87' lang='lat' dir='ltr'>dendi?</span> <span class='ocrx_word' id='word_1_167' title='bbox 574 2118 609 2179; x_wconf 85' lang='lat' dir='ltr'>Et</span> <span class='ocrx_word' id='word_1_168' title='bbox 624 2117 696 2195; x_wconf 91' lang='lat' dir='ltr'>quia</span> <span class='ocrx_word' id='word_1_169' title='bbox 711 2116 839 2195; x_wconf 92' lang='lat' dir='ltr'>promisi</span> <span class='ocrx_word' id='word_1_170' title='bbox 853 2116 913 2179; x_wconf 93' lang='lat' dir='ltr'>sibi</span> <span class='ocrx_word' id='word_1_171' title='bbox 927 2116 1102 2179; x_wconf 86' lang='lat' dir='ltr'>fidelitatem</span> <span class='ocrx_word' id='word_1_172' title='bbox 1116 2135 1224 2195; x_wconf 90' lang='lat' dir='ltr'>meam,</span> <span class='ocrx_word' id='word_1_173' title='bbox 1241 2136 1305 2180; x_wconf 93' lang='lat' dir='ltr'>non</span> <span class='ocrx_word' id='word_1_174' title='bbox 1317 2117 1459 2181; x_wconf 83' lang='lat' dir='ltr'>deficiam</span> <span class='ocrx_word' id='word_1_175' title='bbox 1473 2120 1501 2182; x_wconf 95' lang='lat' dir='ltr'>ei</span> 
     </span>
     <span class='ocr_line' id='line_1_20' title="bbox 380 2204 1501 2285; baseline 0.004 -18"><span class='ocrx_word' id='word_1_176' title='bbox 380 2222 420 2269; x_wconf 82' lang='lat' dir='ltr'>uo</span> <span class='ocrx_word' id='word_1_177' title='bbox 436 2222 492 2267; x_wconf 94' lang='lat' dir='ltr'>nec</span> <span class='ocrx_word' id='word_1_178' title='bbox 500 2205 601 2285; x_wconf 89' lang='lat' dir='ltr'>ipsum</span> <span class='ocrx_word' id='word_1_179' title='bbox 613 2223 750 2284; x_wconf 90' lang='lat' dir='ltr'>unquam</span> <span class='ocrx_word' id='word_1_180' title='bbox 760 2204 958 2267; x_wconf 86' lang='lat' dir='ltr'>defraudabo.</span> <span class='ocrx_word' id='word_1_181' title='bbox 972 2204 1142 2285; x_wconf 85' lang='lat' dir='ltr'>Respondit</span> <span class='ocrx_word' id='word_1_182' title='bbox 1153 2206 1181 2267; x_wconf 91' lang='lat' dir='ltr'>ei</span> <span class='ocrx_word' id='word_1_183' title='bbox 1191 2224 1315 2269; x_wconf 89' lang='lat' dir='ltr'>corvus:</span> <span class='ocrx_word' id='word_1_184' title='bbox 1328 2208 1406 2270; x_wconf 90' lang='lat' dir='ltr'>Vere</span> <span class='ocrx_word' id='word_1_185' title='bbox 1415 2208 1501 2285; x_wconf 90' lang='lat' dir='ltr'>dicis,</span> 
     </span>
     <span class='ocr_line' id='line_1_21' title="bbox 434 2293 1502 2373; baseline 0.004 -18"><span class='ocrx_word' id='word_1_186' title='bbox 434 2293 560 2356; x_wconf 92' lang='lat' dir='ltr'>domine</span> <span class='ocrx_word' id='word_1_187' title='bbox 573 2312 624 2355; x_wconf 93' lang='lat' dir='ltr'>rex</span> <span class='ocrx_word' id='word_1_188' title='bbox 629 2314 636 2370; x_wconf 92' lang='lat'>;</span> <span class='ocrx_word' id='word_1_189' title='bbox 650 2298 859 2356; x_wconf 89' lang='lat' dir='ltr'>verumtamen</span> <span class='ocrx_word' id='word_1_190' title='bbox 873 2312 928 2373; x_wconf 93' lang='lat' dir='ltr'>per</span> <span class='ocrx_word' id='word_1_191' title='bbox 937 2311 1030 2355; x_wconf 90' lang='lat' dir='ltr'>unam</span> <span class='ocrx_word' id='word_1_192' title='bbox 1038 2294 1172 2356; x_wconf 91' lang='lat' dir='ltr'>animam</span> <span class='ocrx_word' id='word_1_193' title='bbox 1186 2294 1379 2358; x_wconf 91' lang='lat' dir='ltr'>redimuntur</span> <span class='ocrx_word' id='word_1_194' title='bbox 1390 2314 1502 2359; x_wconf 91' lang='lat' dir='ltr'>omnes</span> 
     </span>
     <span class='ocr_line' id='line_1_22' title="bbox 433 2381 1502 2465; baseline 0.004 -22"><span class='ocrx_word' id='word_1_195' title='bbox 433 2381 1502 2465; x_wconf 90' lang='lat' dir='ltr'>animedomus,peranimasdomusredimunturanimetotiusparen-</span> 
     </span>
     <span class='ocr_line' id='line_1_23' title="bbox 433 2470 1501 2551; baseline 0.004 -19"><span class='ocrx_word' id='word_1_196' title='bbox 433 2470 499 2547; x_wconf 91' lang='lat' dir='ltr'>tele,</span> <span class='ocrx_word' id='word_1_197' title='bbox 515 2474 544 2533; x_wconf 93' lang='lat' dir='ltr'>et</span> <span class='ocrx_word' id='word_1_198' title='bbox 556 2488 610 2550; x_wconf 90' lang='lat' dir='ltr'>per</span> <span class='ocrx_word' id='word_1_199' title='bbox 621 2470 738 2533; x_wconf 91' lang='lat' dir='ltr'>animas</span> <span class='ocrx_word' id='word_1_200' title='bbox 755 2470 907 2550; x_wconf 87' lang='lat' dir='ltr'>parentele</span> <span class='ocrx_word' id='word_1_201' title='bbox 919 2471 1035 2550; x_wconf 90' lang='lat' dir='ltr'>populi,</span> <span class='ocrx_word' id='word_1_202' title='bbox 1049 2476 1078 2533; x_wconf 92' lang='lat' dir='ltr'>et</span> <span class='ocrx_word' id='word_1_203' title='bbox 1092 2472 1200 2551; x_wconf 90' lang='lat' dir='ltr'>populi</span> <span class='ocrx_word' id='word_1_204' title='bbox 1213 2474 1302 2551; x_wconf 87' lang='lat' dir='ltr'>regis.</span> <span class='ocrx_word' id='word_1_205' title='bbox 1318 2474 1386 2536; x_wconf 90' lang='lat' dir='ltr'>Nos</span> <span class='ocrx_word' id='word_1_206' title='bbox 1397 2479 1501 2536; x_wconf 89' lang='lat' dir='ltr'>autem</span> 
     </span>
     <span class='ocr_line' id='line_1_24' title="bbox 434 2559 1503 2641; baseline 0.004 -19"><span class='ocrx_word' id='word_1_207' title='bbox 434 2577 542 2622; x_wconf 91' lang='lat' dir='ltr'>sumus</span> <span class='ocrx_word' id='word_1_208' title='bbox 565 2576 674 2621; x_wconf 90' lang='lat' dir='ltr'>omnes</span> <span class='ocrx_word' id='word_1_209' title='bbox 694 2559 725 2621; x_wconf 91' lang='lat' dir='ltr'>in</span> <span class='ocrx_word' id='word_1_210' title='bbox 746 2559 803 2621; x_wconf 87' lang='lat' dir='ltr'>hac</span> <span class='ocrx_word' id='word_1_211' title='bbox 822 2559 996 2621; x_wconf 83' lang='lat' dir='ltr'>necessitate</span> <span class='ocrx_word' id='word_1_212' title='bbox 1012 2560 1174 2638; x_wconf 89' lang='lat' dir='ltr'>constituti,</span> <span class='ocrx_word' id='word_1_213' title='bbox 1194 2579 1251 2623; x_wconf 91' lang='lat' dir='ltr'>nec</span> <span class='ocrx_word' id='word_1_214' title='bbox 1268 2562 1385 2641; x_wconf 87' lang='lat' dir='ltr'>aliquid</span> <span class='ocrx_word' id='word_1_215' title='bbox 1403 2562 1503 2626; x_wconf 88' lang='lat' dir='ltr'>facere</span> 
     </span>
     <span class='ocr_line' id='line_1_25' title="bbox 380 2647 1502 2728; baseline 0.002 -16"><span class='ocrx_word' id='word_1_216' title='bbox 380 2666 421 2712; x_wconf 82' lang='lat' dir='ltr'>am</span> <span class='ocrx_word' id='word_1_217' title='bbox 435 2648 572 2710; x_wconf 90' lang='lat' dir='ltr'>valemus</span> <span class='ocrx_word' id='word_1_218' title='bbox 577 2669 584 2726; x_wconf 87' lang='lat'>;</span> <span class='ocrx_word' id='word_1_219' title='bbox 602 2648 656 2710; x_wconf 91' lang='lat' dir='ltr'>sed</span> <span class='ocrx_word' id='word_1_220' title='bbox 669 2666 728 2726; x_wconf 88' lang='lat' dir='ltr'>ego</span> <span class='ocrx_word' id='word_1_221' title='bbox 741 2647 869 2727; x_wconf 83' lang='lat' dir='ltr'>cogitavi</span> <span class='ocrx_word' id='word_1_222' title='bbox 887 2647 1016 2710; x_wconf 92' lang='lat' dir='ltr'>modum</span> <span class='ocrx_word' id='word_1_223' title='bbox 1034 2666 1098 2728; x_wconf 90' lang='lat' dir='ltr'>quo</span> <span class='ocrx_word' id='word_1_224' title='bbox 1110 2649 1240 2712; x_wconf 89' lang='lat' dir='ltr'>valeasa</span> <span class='ocrx_word' id='word_1_225' title='bbox 1255 2650 1426 2713; x_wconf 91' lang='lat' dir='ltr'>iuramento</span> <span class='ocrx_word' id='word_1_226' title='bbox 1443 2652 1502 2714; x_wconf 89' lang='lat' dir='ltr'>sal-</span> 
     </span>
     <span class='ocr_line' id='line_1_26' title="bbox 433 2736 1502 2819; baseline 0.003 -19"><span class='ocrx_word' id='word_1_227' title='bbox 433 2737 505 2800; x_wconf 91' lang='lat' dir='ltr'>vari.</span> <span class='ocrx_word' id='word_1_228' title='bbox 538 2738 573 2799; x_wconf 82' lang='lat' dir='ltr'>Et</span> <span class='ocrx_word' id='word_1_229' title='bbox 588 2736 716 2799; x_wconf 89' lang='lat' dir='ltr'>laudans</span> <span class='ocrx_word' id='word_1_230' title='bbox 739 2736 840 2816; x_wconf 90' lang='lat' dir='ltr'>ipsum</span> <span class='ocrx_word' id='word_1_231' title='bbox 865 2737 914 2799; x_wconf 94' lang='lat' dir='ltr'>leo</span> <span class='ocrx_word' id='word_1_232' title='bbox 937 2755 1030 2817; x_wconf 92' lang='lat' dir='ltr'>super</span> <span class='ocrx_word' id='word_1_233' title='bbox 1055 2737 1122 2815; x_wconf 90' lang='lat' dir='ltr'>hoc,</span> <span class='ocrx_word' id='word_1_234' title='bbox 1142 2738 1218 2800; x_wconf 91' lang='lat' dir='ltr'>dixit</span> <span class='ocrx_word' id='word_1_235' title='bbox 1233 2740 1260 2800; x_wconf 93' lang='lat' dir='ltr'>ei</span> <span class='ocrx_word' id='word_1_236' title='bbox 1284 2740 1360 2819; x_wconf 91' lang='lat' dir='ltr'>quid</span> <span class='ocrx_word' id='word_1_237' title='bbox 1383 2740 1502 2803; x_wconf 87' lang='lat' dir='ltr'>iaceret</span> 
     </span>
     <span class='ocr_line' id='line_1_27' title="bbox 435 2825 1504 2903; baseline 0.003 -14"><span class='ocrx_word' id='word_1_238' title='bbox 435 2826 508 2889; x_wconf 87' lang='lat' dir='ltr'>Post</span> <span class='ocrx_word' id='word_1_239' title='bbox 523 2826 580 2889; x_wconf 91' lang='lat' dir='ltr'>hec</span> <span class='ocrx_word' id='word_1_240' title='bbox 594 2844 669 2889; x_wconf 87' lang='lat' dir='ltr'>vero</span> <span class='ocrx_word' id='word_1_241' title='bbox 690 2825 811 2889; x_wconf 90' lang='lat' dir='ltr'>rediens</span> <span class='ocrx_word' id='word_1_242' title='bbox 831 2843 942 2889; x_wconf 90' lang='lat' dir='ltr'>corvus</span> <span class='ocrx_word' id='word_1_243' title='bbox 962 2826 1001 2889; x_wconf 87' lang='lat' dir='ltr'>ad</span> <span class='ocrx_word' id='word_1_244' title='bbox 1017 2844 1092 2889; x_wconf 90' lang='lat' dir='ltr'>suos</span> <span class='ocrx_word' id='word_1_245' title='bbox 1111 2827 1221 2903; x_wconf 91' lang='lat' dir='ltr'>socios,</span> <span class='ocrx_word' id='word_1_246' title='bbox 1242 2828 1342 2890; x_wconf 92' lang='lat' dir='ltr'>retulit</span> <span class='ocrx_word' id='word_1_247' title='bbox 1353 2829 1397 2891; x_wconf 92' lang='lat' dir='ltr'>eis</span> <span class='ocrx_word' id='word_1_248' title='bbox 1408 2830 1504 2893; x_wconf 88' lang='lat' dir='ltr'>verba</span> 
     </span>
     <span class='ocr_line' id='line_1_28' title="bbox 434 2914 1502 2996; baseline 0.002 -18"><span class='ocrx_word' id='word_1_249' title='bbox 434 2933 490 2979; x_wconf 92' lang='lat' dir='ltr'>sua</span> <span class='ocrx_word' id='word_1_250' title='bbox 512 2920 541 2977; x_wconf 89' lang='lat' dir='ltr'>et</span> <span class='ocrx_word' id='word_1_251' title='bbox 564 2915 669 2989; x_wconf 89' lang='lat' dir='ltr'>leonis,</span> <span class='ocrx_word' id='word_1_252' title='bbox 699 2918 728 2977; x_wconf 90' lang='lat' dir='ltr'>et</span> <span class='ocrx_word' id='word_1_253' title='bbox 750 2914 854 2977; x_wconf 88' lang='lat' dir='ltr'>omnia</span> <span class='ocrx_word' id='word_1_254' title='bbox 879 2932 940 2993; x_wconf 92' lang='lat' dir='ltr'>que</span> <span class='ocrx_word' id='word_1_255' title='bbox 963 2934 1033 2977; x_wconf 87' lang='lat' dir='ltr'>cunr</span> <span class='ocrx_word' id='word_1_256' title='bbox 1058 2934 1096 2978; x_wconf 92' lang='lat' dir='ltr'>eo</span> <span class='ocrx_word' id='word_1_257' title='bbox 1124 2916 1328 2996; x_wconf 88' lang='lat' dir='ltr'>ordinaverat;</span> <span class='ocrx_word' id='word_1_258' title='bbox 1359 2922 1389 2979; x_wconf 94' lang='lat' dir='ltr'>et</span> <span class='ocrx_word' id='word_1_259' title='bbox 1411 2918 1502 2981; x_wconf 92' lang='lat' dir='ltr'>inter-</span> 
     </span>
     <span class='ocr_line' id='line_1_29' title="bbox 435 3003 1502 3086; baseline 0.001 -20"><span class='ocrx_word' id='word_1_260' title='bbox 435 3022 548 3083; x_wconf 85' lang='lat' dir='ltr'>rogans</span> <span class='ocrx_word' id='word_1_261' title='bbox 571 3022 625 3067; x_wconf 90' lang='lat' dir='ltr'>eos</span> <span class='ocrx_word' id='word_1_262' title='bbox 648 3022 759 3067; x_wconf 90' lang='lat' dir='ltr'>corvus</span> <span class='ocrx_word' id='word_1_263' title='bbox 783 3003 865 3080; x_wconf 89' lang='lat' dir='ltr'>dixit,</span> <span class='ocrx_word' id='word_1_264' title='bbox 890 3003 976 3083; x_wconf 90' lang='lat' dir='ltr'>quod</span> <span class='ocrx_word' id='word_1_265' title='bbox 1000 3004 1163 3067; x_wconf 92' lang='lat' dir='ltr'>consilium</span> <span class='ocrx_word' id='word_1_266' title='bbox 1187 3004 1294 3067; x_wconf 92' lang='lat' dir='ltr'>darent</span> <span class='ocrx_word' id='word_1_267' title='bbox 1315 3023 1410 3086; x_wconf 91' lang='lat' dir='ltr'>super</span> <span class='ocrx_word' id='word_1_268' title='bbox 1433 3007 1502 3085; x_wconf 76' lang='lat' dir='ltr'>hoe,</span> 
     </span>
     <span class='ocr_line' id='line_1_30' title="bbox 381 3092 1503 3175; baseline 0.004 -21"><span class='ocrx_word' id='word_1_269' title='bbox 381 3110 422 3156; x_wconf 76' lang='lat' dir='ltr'>aaa</span> <span class='ocrx_word' id='word_1_270' title='bbox 437 3098 470 3155; x_wconf 91' lang='lat' dir='ltr'>ut</span> <span class='ocrx_word' id='word_1_271' title='bbox 492 3092 690 3156; x_wconf 89' lang='lat' dir='ltr'>devoraretur</span> <span class='ocrx_word' id='word_1_272' title='bbox 712 3094 854 3169; x_wconf 90' lang='lat' dir='ltr'>camelus,</span> <span class='ocrx_word' id='word_1_273' title='bbox 878 3097 908 3154; x_wconf 91' lang='lat' dir='ltr'>et</span> <span class='ocrx_word' id='word_1_274' title='bbox 926 3092 1029 3155; x_wconf 91' lang='lat' dir='ltr'>salvus</span> <span class='ocrx_word' id='word_1_275' title='bbox 1051 3093 1104 3154; x_wconf 88' lang='lat' dir='ltr'>liat</span> <span class='ocrx_word' id='word_1_276' title='bbox 1119 3093 1168 3155; x_wconf 94' lang='lat' dir='ltr'>leo</span> <span class='ocrx_word' id='word_1_277' title='bbox 1191 3094 1395 3157; x_wconf 89' lang='lat' dir='ltr'>aiuramento</span> <span class='ocrx_word' id='word_1_278' title='bbox 1415 3096 1503 3175; x_wconf 93' lang='lat' dir='ltr'>quod</span> 
     </span>
     <span class='ocr_line' id='line_1_31' title="bbox 435 3181 1502 3262; baseline 0.003 -19"><span class='ocrx_word' id='word_1_279' title='bbox 435 3182 544 3245; x_wconf 90' lang='lat' dir='ltr'>iuravit</span> <span class='ocrx_word' id='word_1_280' title='bbox 567 3182 602 3245; x_wconf 91' lang='lat' dir='ltr'>ei.</span> <span class='ocrx_word' id='word_1_281' title='bbox 649 3182 687 3245; x_wconf 83' lang='lat' dir='ltr'>llt</span> <span class='ocrx_word' id='word_1_282' title='bbox 710 3182 752 3243; x_wconf 94' lang='lat' dir='ltr'>illi</span> <span class='ocrx_word' id='word_1_283' title='bbox 776 3182 882 3244; x_wconf 88' lang='lat' dir='ltr'>dicunt</span> <span class='ocrx_word' id='word_1_284' title='bbox 905 3181 946 3243; x_wconf 90' lang='lat' dir='ltr'>ei:</span> <span class='ocrx_word' id='word_1_285' title='bbox 976 3181 1077 3244; x_wconf 87' lang='lat' dir='ltr'>ludica</span> <span class='ocrx_word' id='word_1_286' title='bbox 1101 3182 1194 3245; x_wconf 87' lang='lat' dir='ltr'>nobis</span> <span class='ocrx_word' id='word_1_287' title='bbox 1216 3183 1379 3245; x_wconf 90' lang='lat' dir='ltr'>consilium</span> <span class='ocrx_word' id='word_1_288' title='bbox 1404 3188 1502 3262; x_wconf 93' lang='lat' dir='ltr'>tuum,</span> 
     </span>
     <span class='ocr_line' id='line_1_32' title="bbox 435 3270 1503 3351; baseline 0.004 -19"><span class='ocrx_word' id='word_1_289' title='bbox 435 3289 506 3333; x_wconf 91' lang='lat' dir='ltr'>nam</span> <span class='ocrx_word' id='word_1_290' title='bbox 546 3272 577 3333; x_wconf 94' lang='lat' dir='ltr'>in</span> <span class='ocrx_word' id='word_1_291' title='bbox 616 3276 669 3334; x_wconf 92' lang='lat' dir='ltr'>tuo</span> <span class='ocrx_word' id='word_1_292' title='bbox 708 3270 838 3335; x_wconf 90' lang='lat' dir='ltr'>consilio</span> <span class='ocrx_word' id='word_1_293' title='bbox 876 3288 1035 3351; x_wconf 91' lang='lat' dir='ltr'>speramus</span> <span class='ocrx_word' id='word_1_294' title='bbox 1072 3270 1208 3333; x_wconf 89' lang='lat' dir='ltr'>salutern.</span> <span class='ocrx_word' id='word_1_295' title='bbox 1256 3272 1341 3334; x_wconf 90' lang='lat' dir='ltr'>Dixit</span> <span class='ocrx_word' id='word_1_296' title='bbox 1378 3290 1503 3336; x_wconf 86' lang='lat' dir='ltr'>corvus:</span> 
     </span>
     <span class='ocr_line' id='line_1_33' title="bbox 435 3359 1504 3440; baseline 0.002 -19"><span class='ocrx_word' id='word_1_297' title='bbox 435 3359 563 3422; x_wconf 91' lang='lat' dir='ltr'>Videtur</span> <span class='ocrx_word' id='word_1_298' title='bbox 579 3360 653 3421; x_wconf 89' lang='lat' dir='ltr'>mihi</span> <span class='ocrx_word' id='word_1_299' title='bbox 671 3360 798 3436; x_wconf 89' lang='lat' dir='ltr'>bonurn,</span> <span class='ocrx_word' id='word_1_300' title='bbox 815 3363 848 3421; x_wconf 93' lang='lat' dir='ltr'>ut</span> <span class='ocrx_word' id='word_1_301' title='bbox 863 3359 955 3422; x_wconf 92' lang='lat' dir='ltr'>simul</span> <span class='ocrx_word' id='word_1_302' title='bbox 972 3377 1081 3421; x_wconf 92' lang='lat' dir='ltr'>omnes</span> <span class='ocrx_word' id='word_1_303' title='bbox 1092 3360 1273 3423; x_wconf 89' lang='lat' dir='ltr'>accedamus</span> <span class='ocrx_word' id='word_1_304' title='bbox 1284 3361 1323 3423; x_wconf 92' lang='lat' dir='ltr'>ad</span> <span class='ocrx_word' id='word_1_305' title='bbox 1339 3361 1504 3440; x_wconf 88' lang='lat' dir='ltr'>camelum,</span> 
     </span>
     <span class='ocr_line' id='line_1_34' title="bbox 436 3448 1503 3529; baseline 0.004 -20"><span class='ocrx_word' id='word_1_306' title='bbox 436 3448 599 3511; x_wconf 89' lang='lat' dir='ltr'>relerentes</span> <span class='ocrx_word' id='word_1_307' title='bbox 622 3448 649 3511; x_wconf 94' lang='lat' dir='ltr'>ei</span> <span class='ocrx_word' id='word_1_308' title='bbox 674 3448 813 3528; x_wconf 89' lang='lat' dir='ltr'>preterita</span> <span class='ocrx_word' id='word_1_309' title='bbox 836 3448 984 3510; x_wconf 85' lang='lat' dir='ltr'>beneficia</span> <span class='ocrx_word' id='word_1_310' title='bbox 1001 3467 1061 3527; x_wconf 92' lang='lat' dir='ltr'>que</span> <span class='ocrx_word' id='word_1_311' title='bbox 1077 3449 1249 3529; x_wconf 89' lang='lat' dir='ltr'>recepimus</span> <span class='ocrx_word' id='word_1_312' title='bbox 1263 3468 1282 3510; x_wconf 89' lang='lat' dir='ltr'>a</span> <span class='ocrx_word' id='word_1_313' title='bbox 1297 3450 1387 3513; x_wconf 92' lang='lat' dir='ltr'>leone</span> <span class='ocrx_word' id='word_1_314' title='bbox 1401 3451 1503 3529; x_wconf 85' lang='lat' dir='ltr'>gratis,</span> 
     </span>
     <span class='ocr_line' id='line_1_35' title="bbox 382 3536 1502 3618; baseline 0.002 -19"><span class='ocrx_word' id='word_1_315' title='bbox 382 3552 422 3599; x_wconf 75' lang='lat' dir='ltr'>suo</span> <span class='ocrx_word' id='word_1_316' title='bbox 437 3540 466 3608; x_wconf 90' lang='lat' dir='ltr'>et</span> <span class='ocrx_word' id='word_1_317' title='bbox 488 3537 554 3598; x_wconf 93' lang='lat' dir='ltr'>sine</span> <span class='ocrx_word' id='word_1_318' title='bbox 578 3537 643 3599; x_wconf 94' lang='lat' dir='ltr'>ullo</span> <span class='ocrx_word' id='word_1_319' title='bbox 666 3537 818 3600; x_wconf 81' lang='lat' dir='ltr'>beneficio</span> <span class='ocrx_word' id='word_1_320' title='bbox 842 3536 910 3616; x_wconf 92' lang='lat' dir='ltr'>ipso</span> <span class='ocrx_word' id='word_1_321' title='bbox 933 3556 951 3598; x_wconf 90' lang='lat' dir='ltr'>a</span> <span class='ocrx_word' id='word_1_322' title='bbox 974 3537 1065 3600; x_wconf 92' lang='lat' dir='ltr'>nobis</span> <span class='ocrx_word' id='word_1_323' title='bbox 1089 3543 1239 3618; x_wconf 89' lang='lat' dir='ltr'>percepto.</span> <span class='ocrx_word' id='word_1_324' title='bbox 1279 3537 1377 3601; x_wconf 87' lang='lat' dir='ltr'>Modo</span> <span class='ocrx_word' id='word_1_325' title='bbox 1400 3543 1502 3601; x_wconf 89' lang='lat' dir='ltr'>autem</span> 
     </span>
     <span class='ocr_line' id='line_1_36' title="bbox 436 3624 1502 3705; baseline 0.003 -19"><span class='ocrx_word' id='word_1_326' title='bbox 436 3624 578 3688; x_wconf 89' lang='lat' dir='ltr'>videmus</span> <span class='ocrx_word' id='word_1_327' title='bbox 594 3626 799 3688; x_wconf 90' lang='lat' dir='ltr'>necessitatem</span> <span class='ocrx_word' id='word_1_328' title='bbox 821 3643 917 3702; x_wconf 92' lang='lat' dir='ltr'>suam,</span> <span class='ocrx_word' id='word_1_329' title='bbox 942 3626 1054 3689; x_wconf 87' lang='lat' dir='ltr'>decens</span> <span class='ocrx_word' id='word_1_330' title='bbox 1079 3630 1131 3702; x_wconf 89' lang='lat' dir='ltr'>est,</span> <span class='ocrx_word' id='word_1_331' title='bbox 1155 3632 1188 3688; x_wconf 96' lang='lat' dir='ltr'>ut</span> <span class='ocrx_word' id='word_1_332' title='bbox 1210 3626 1339 3705; x_wconf 92' lang='lat' dir='ltr'>quilibet</span> <span class='ocrx_word' id='word_1_333' title='bbox 1362 3631 1502 3689; x_wconf 91' lang='lat' dir='ltr'>nostrum</span> 
     </span>
     <span class='ocr_line' id='line_1_37' title="bbox 436 3714 1504 3795; baseline 0.001 -18"><span class='ocrx_word' id='word_1_334' title='bbox 436 3714 494 3777; x_wconf 90' lang='lat' dir='ltr'>sibi</span> <span class='ocrx_word' id='word_1_335' title='bbox 518 3732 551 3777; x_wconf 91' lang='lat' dir='ltr'>se</span> <span class='ocrx_word' id='word_1_336' title='bbox 579 3719 688 3794; x_wconf 93' lang='lat' dir='ltr'>sponte</span> <span class='ocrx_word' id='word_1_337' title='bbox 715 3718 908 3795; x_wconf 87' lang='lat' dir='ltr'>representet,</span> <span class='ocrx_word' id='word_1_338' title='bbox 939 3715 1067 3777; x_wconf 90' lang='lat' dir='ltr'>laudans</span> <span class='ocrx_word' id='word_1_339' title='bbox 1095 3716 1196 3795; x_wconf 92' lang='lat' dir='ltr'>ipsum</span> <span class='ocrx_word' id='word_1_340' title='bbox 1225 3732 1318 3793; x_wconf 91' lang='lat' dir='ltr'>super</span> <span class='ocrx_word' id='word_1_341' title='bbox 1345 3714 1504 3779; x_wconf 84' lang='lat' dir='ltr'>beneficiis</span> 
     </span>
     <span class='ocr_line' id='line_1_38' title="bbox 437 3802 1502 3883; baseline 0.003 -19"><span class='ocrx_word' id='word_1_342' title='bbox 437 3820 498 3881; x_wconf 90' lang='lat' dir='ltr'>que</span> <span class='ocrx_word' id='word_1_343' title='bbox 520 3803 559 3867; x_wconf 93' lang='lat' dir='ltr'>ab</span> <span class='ocrx_word' id='word_1_344' title='bbox 584 3802 652 3883; x_wconf 92' lang='lat' dir='ltr'>ipso</span> <span class='ocrx_word' id='word_1_345' title='bbox 676 3804 855 3883; x_wconf 91' lang='lat' dir='ltr'>recepimus,</span> <span class='ocrx_word' id='word_1_346' title='bbox 880 3807 909 3865; x_wconf 91' lang='lat' dir='ltr'>et</span> <span class='ocrx_word' id='word_1_347' title='bbox 931 3804 1093 3883; x_wconf 91' lang='lat' dir='ltr'>quomodo</span> <span class='ocrx_word' id='word_1_348' title='bbox 1117 3808 1256 3865; x_wconf 88' lang='lat' dir='ltr'>tenemur</span> <span class='ocrx_word' id='word_1_349' title='bbox 1278 3802 1314 3865; x_wconf 91' lang='lat' dir='ltr'>ei.</span> <span class='ocrx_word' id='word_1_350' title='bbox 1353 3802 1413 3865; x_wconf 86' lang='lat' dir='ltr'>Sed</span> <span class='ocrx_word' id='word_1_351' title='bbox 1438 3822 1502 3867; x_wconf 94' lang='grc' dir='ltr'>ηοη</span> 
     </span>
     <span class='ocr_line' id='line_1_39' title="bbox 437 3891 1505 3971; baseline 0.003 -18"><span class='ocrx_word' id='word_1_352' title='bbox 437 3891 587 3954; x_wconf 91' lang='lat' dir='ltr'>habemus</span> <span class='ocrx_word' id='word_1_353' title='bbox 611 3892 641 3953; x_wconf 94' lang='lat' dir='ltr'>in</span> <span class='ocrx_word' id='word_1_354' title='bbox 667 3911 730 3971; x_wconf 92' lang='lat' dir='ltr'>quo</span> <span class='ocrx_word' id='word_1_355' title='bbox 755 3910 922 3971; x_wconf 90' lang='lat' dir='ltr'>possumus</span> <span class='ocrx_word' id='word_1_356' title='bbox 945 3910 1016 3955; x_wconf 91' lang='lat' dir='ltr'>eum</span> <span class='ocrx_word' id='word_1_357' title='bbox 1032 3910 1126 3971; x_wconf 91' lang='lat' dir='ltr'>super</span> <span class='ocrx_word' id='word_1_358' title='bbox 1141 3892 1197 3953; x_wconf 89' lang='lat' dir='ltr'>hec</span> <span class='ocrx_word' id='word_1_359' title='bbox 1220 3909 1422 3969; x_wconf 88' lang='lat' dir='ltr'>remunerare,</span> <span class='ocrx_word' id='word_1_360' title='bbox 1447 3910 1505 3956; x_wconf 89' lang='lat' dir='ltr'>nec</span> 
     </span>
     <span class='ocr_line' id='line_1_40' title="bbox 383 3980 1504 4061; baseline 0.001 -17"><span class='ocrx_word' id='word_1_361' title='bbox 383 3996 606 4060; x_wconf 79' lang='lat' dir='ltr'>rupossumus</span> <span class='ocrx_word' id='word_1_362' title='bbox 636 3980 663 4042; x_wconf 93' lang='lat' dir='ltr'>ei</span> <span class='ocrx_word' id='word_1_363' title='bbox 694 3981 833 4043; x_wconf 89' lang='lat' dir='ltr'>conterre</span> <span class='ocrx_word' id='word_1_364' title='bbox 866 3997 964 4043; x_wconf 92' lang='lat' dir='ltr'>unum</span> <span class='ocrx_word' id='word_1_365' title='bbox 998 3981 1037 4043; x_wconf 93' lang='lat' dir='ltr'>de</span> <span class='ocrx_word' id='word_1_366' title='bbox 1068 3981 1151 4042; x_wconf 93' lang='lat' dir='ltr'>mille</span> <span class='ocrx_word' id='word_1_367' title='bbox 1181 3998 1289 4043; x_wconf 91' lang='lat' dir='ltr'>eorum</span> <span class='ocrx_word' id='word_1_368' title='bbox 1320 3999 1381 4061; x_wconf 91' lang='lat' dir='ltr'>que</span> <span class='ocrx_word' id='word_1_369' title='bbox 1411 3982 1504 4059; x_wconf 90' lang='lat' dir='ltr'>nobis</span> 
     </span>
     <span class='ocr_line' id='line_1_41' title="bbox 438 4068 1504 4148; baseline 0.001 -16"><span class='ocrx_word' id='word_1_370' title='bbox 438 4069 572 4145; x_wconf 88' lang='lat' dir='ltr'>contulit,</span> <span class='ocrx_word' id='word_1_371' title='bbox 597 4086 654 4131; x_wconf 90' lang='lat' dir='ltr'>nec</span> <span class='ocrx_word' id='word_1_372' title='bbox 676 4069 792 4148; x_wconf 91' lang='lat' dir='ltr'>aliquid</span> <span class='ocrx_word' id='word_1_373' title='bbox 817 4070 1011 4133; x_wconf 90' lang='lat' dir='ltr'>inveniemus</span> <span class='ocrx_word' id='word_1_374' title='bbox 1034 4068 1119 4148; x_wconf 93' lang='lat' dir='ltr'>quod</span> <span class='ocrx_word' id='word_1_375' title='bbox 1135 4069 1194 4131; x_wconf 90' lang='lat' dir='ltr'>sibi</span> <span class='ocrx_word' id='word_1_376' title='bbox 1215 4071 1396 4147; x_wconf 69' lang='lat' dir='ltr'>offeramus,</span> <span class='ocrx_word' id='word_1_377' title='bbox 1420 4070 1504 4133; x_wconf 92' lang='lat' dir='ltr'>unde</span> 
     </span>
     <span class='ocr_line' id='line_1_42' title="bbox 439 4157 1503 4237; baseline 0.001 -17"><span class='ocrx_word' id='word_1_378' title='bbox 439 4157 605 4221; x_wconf 83' lang='lat' dir='ltr'>offeramus</span> <span class='ocrx_word' id='word_1_379' title='bbox 628 4158 655 4219; x_wconf 94' lang='lat' dir='ltr'>ei</span> <span class='ocrx_word' id='word_1_380' title='bbox 680 4175 827 4237; x_wconf 91' lang='lat' dir='ltr'>personas</span> <span class='ocrx_word' id='word_1_381' title='bbox 843 4161 969 4234; x_wconf 88' lang='lat' dir='ltr'>nostras,</span> <span class='ocrx_word' id='word_1_382' title='bbox 993 4163 1022 4220; x_wconf 91' lang='lat' dir='ltr'>et</span> <span class='ocrx_word' id='word_1_383' title='bbox 1037 4158 1166 4237; x_wconf 92' lang='lat' dir='ltr'>quilibet</span> <span class='ocrx_word' id='word_1_384' title='bbox 1181 4163 1320 4222; x_wconf 89' lang='lat' dir='ltr'>nostrum</span> <span class='ocrx_word' id='word_1_385' title='bbox 1345 4160 1454 4223; x_wconf 74' lang='lat' dir='ltr'>offerat</span> <span class='ocrx_word' id='word_1_386' title='bbox 1476 4160 1503 4222; x_wconf 93' lang='lat' dir='ltr'>ei</span> 
     </span>
    </p>
   </div>
   <div class='ocr_carea' id='block_1_3' title="bbox 0 0 1801 4884">
    <p class='ocr_par' dir='ltr' id='par_1_3' title="bbox 0 0 1801 4884">
     <span class='ocr_line' id='line_1_43' title="bbox 0 0 1801 4884; baseline 0 0"><span class='ocrx_word' id='word_1_387' title='bbox 0 0 1801 4884; x_wconf 95' lang='lat' dir='ltr'> </span> 
     </span>
    </p>
   </div>
  </div>
 </body>
</html>
