3584 4884
858 516 901 525 -
949 486 1080 542 26.-

437 662 555 722 centem
579 658 814 722 condemnatis?
860 657 974 732 Quove
997 675 1069 720 eum
1092 656 1225 720 ducitis?
1271 656 1344 718 Non
1372 659 1507 719 mortem

383 764 411 810 aa
438 748 558 811 meruit.
599 748 665 827 Ego
687 748 787 810 virum
813 746 957 810 interfeci.
977 782 1004 790 -
1028 754 1079 809 12.
1096 744 1135 807 m
1150 744 1193 807 illi
1210 745 1379 824 iniecerunt
1393 762 1507 807 manus

438 836 469 899 in
485 854 566 914 eum,
589 840 680 916 atque
697 836 822 915 ligatum
839 853 944 899 secum
960 834 999 897 ad
1020 852 1142 897 crucem
1162 838 1325 911 traxemnt‚
1345 833 1506 912 aliumque

437 943 455 987 a
478 943 579 1006 poena
595 926 701 988 mortis
716 924 883 989 solverunt.
923 924 1090 987 Homicida
1104 940 1179 987 vero
1195 923 1226 985 irr
1249 922 1359 985 eodem
1381 922 1507 1002 agmine

439 1014 513 1077 haec
540 1014 662 1077 intuens
689 1014 892 1093 gradiebatur,
916 1017 1007 1093 atque
1034 1030 1139 1076 secum
1163 1015 1304 1075 tractans:
1329 1012 1422 1073 llunc
1444 1025 1507 1090 ego

438 1102 583 1181 interfeci,
599 1106 628 1165 et
643 1103 698 1166 iste
713 1102 896 1165 damnatur?
926 1102 986 1165 llic
1001 1102 1151 1164 innocens
1165 1100 1319 1181 supplicio
1334 1099 1506 1180 deputatur,

384 1207 411 1254 so
439 1209 498 1271 ego
514 1210 588 1255 vero
610 1209 725 1255 nocens
746 1192 881 1255 libertate
901 1191 1011 1253 fruor?
1050 1190 1212 1264 Quaenam
1233 1194 1276 1252 est
1299 1207 1389 1252 causa
1412 1188 1507 1267 lrujrrs

439 1280 623 1360 iniustitiae?
663 1280 783 1357 Nescio,
805 1280 863 1343 nisi
883 1280 949 1343 sola
966 1279 1026 1341 Dei
1043 1278 1184 1358 patientia
1199 1278 1246 1342 sit.
1285 1279 1401 1341 Vemm
1418 1278 1507 1341 Deus

437 1368 532 1449 judex
543 1369 655 1449 justum
672 1368 857 1449 impunitum
874 1368 974 1432 scelus
986 1368 1106 1431 nullum
1123 1367 1258 1445 dimittit,
1274 1384 1314 1429 ne
1330 1367 1422 1447 igitur
1433 1383 1506 1446 pos

438 1458 532 1521 terius
553 1459 584 1521 in
606 1476 655 1521 me
675 1458 785 1521 durius
804 1457 945 1534 vindicet,
966 1456 1060 1536 hujus
1074 1474 1125 1519 me
1141 1456 1271 1537 prodam
1287 1455 1424 1518 criminis
1436 1472 1507 1519 esse

439 1564 535 1625 reum,
547 1548 653 1627 sicque
669 1546 820 1610 solvendo
836 1564 890 1609 eos
902 1564 920 1608 a
932 1550 1030 1609 morte
1042 1544 1129 1625 quod
1145 1545 1286 1609 commisi
1302 1545 1384 1607 luam
1401 1562 1506 1625 pecca-

384 1651 412 1697 m
438 1639 514 1699 tum.
558 1642 606 1700 13.
628 1635 744 1715 Objicil
764 1654 797 1699 se
815 1652 891 1715 ergo
912 1634 1049 1714 periculo
1069 1633 1187 1697 dicens:
1211 1635 1272 1712 lvle,
1293 1652 1352 1711 me,
1373 1633 1427 1714 qui
1447 1633 1506 1695 feci

439 1724 642 1788 homicidium
660 1723 749 1803 istud,
766 1725 870 1805 capite,
887 1724 978 1786 istum
994 1721 1134 1785 dimittite
1150 1722 1327 1786 innoxium!
1344 1758 1370 1765 —
1384 1721 1507 1801 Judices

438 1818 540 1877 autem
564 1832 628 1877 norr
647 1832 754 1895 parum
779 1812 963 1876 admirantes
986 1812 1159 1891 ligaverunt
1181 1812 1271 1889 hunc,
1294 1812 1389 1873 alioa
1408 1815 1507 1873 morte

439 1903 555 1981 soluto,
575 1903 700 1983 jamque
717 1902 756 1965 de
771 1902 887 1982 jndicio
902 1901 1077 1963 dubitantes
1092 1900 1176 1963 hunc
1191 1918 1262 1963 cum
1278 1900 1404 1980 reliquis
1420 1899 1508 1980 prius

441 1992 575 2055 liberatis
592 1996 662 2055 ante
677 2010 782 2071 regem
798 1991 1001 2068 adduxerunt,
1024 1990 1115 2069 eique
1130 1990 1236 2053 omnia
1251 2008 1288 2051 ex
1304 1989 1414 2052 ordine
1429 1988 1507 2051 rele-

387 2098 426 2144 111
442 2085 542 2143 rentes
558 2081 659 2161 ipsum
677 2080 766 2143 etiam
784 2080 930 2143 haesitare
946 2080 1093 2141 lecerunt.
1129 2078 1300 2141 Communi
1316 2078 1417 2157 itaque
1432 2094 1508 2140 corr-

440 2169 510 2233 silio
531 2188 583 2231 rex
599 2169 643 2231 eis
659 2186 752 2232 omne
768 2169 883 2232 crimen
899 2168 985 2247 quod
1006 2167 1065 2231 sibi
1087 2168 1297 2247 imposuerant
1311 2166 1507 2244 condonavit,

440 2275 478 2320 eo
498 2262 599 2319 tamen
617 2261 704 2337 pacto
725 2262 758 2319 ut
778 2257 917 2320 criminis
936 2256 995 2320 sibi
1017 2256 1153 2336 impositi
1173 2273 1280 2319 causas
1295 2256 1505 2336 patefacerent.

440 2346 480 2408 At
500 2346 542 2407 illi
567 2346 609 2408 rei
633 2346 787 2408 veritatem
812 2346 839 2408 ei
863 2349 1082 2426 exposuerunt.
1417 2362 1423 2383 r

535 2442 583 2497 14.
609 2434 779 2498 Communi
795 2438 895 2497 autem
913 2451 1066 2497 consensu
1083 2434 1231 2496 omnibus
1250 2432 1406 2508 absolutis,
1428 2431 1508 2494 indi-

387 2541 427 2587 roo
442 2541 529 2603 gena,
546 2523 600 2603 qui
617 2541 674 2604 pro
690 2523 790 2587 amico
806 2522 886 2586 mori
902 2522 1083 2599 decreverat,
1104 2522 1206 2603 ipsum
1223 2522 1255 2585 in
1271 2523 1401 2585 domurn
1417 2538 1506 2584 suam

441 2612 618 2689 introduxit,
635 2612 726 2691 eique
741 2612 827 2675 omni
845 2613 964 2675 honore
980 2629 1039 2691 pro
1054 2610 1113 2673 ritu
1129 2612 1216 2689 facto,
1232 2610 1320 2673 dixit:
1336 2610 1368 2674 Si
1386 2628 1507 2673 mecum

442 2719 565 2763 manere
580 2700 756 2781 acquiescis,
780 2701 885 2764 omnia
901 2700 993 2763 nobis
1009 2703 1101 2781 prout
1115 2700 1201 2763 decet
1215 2704 1305 2763 erunt
1319 2700 1507 2762 communia.

442 2788 473 2854 Si
489 2807 564 2853 vero
587 2790 749 2870 repatriare
764 2790 908 2867 volueris,
932 2807 1012 2868 quae
1035 2806 1103 2850 mea
1125 2794 1197 2852 sunt
1218 2806 1317 2867 aequa
1332 2788 1417 2851 lance
1439 2804 1509 2868 par-

440 2878 561 2943 tiamur.
575 2912 607 2923 —
621 2878 661 2940 Ar
676 2878 734 2955 ille,
756 2878 862 2941 natalis
877 2878 935 2941 soli
951 2876 1116 2940 dulcedine
1130 2878 1262 2955 allectus,
1283 2881 1399 2957 partem
1415 2877 1509 2940 totius

387 2986 428 3031 110
442 2967 631 3031 substantiae·
643 2985 736 3047 quam
757 2967 816 3030 sibi
833 2967 984 3031 obtulerat
999 2967 1119 3046 recepit
1138 2966 1244 3047 sicque
1260 2965 1440 3047 repatriavit.

868 3109 932 3173 Vll.
980 3115 1076 3173 4-6.

532 3243 562 3299 4.
587 3234 751 3299 Transiens
779 3234 905 3315 quidam
934 3253 990 3314 per
1016 3234 1124 3297 silvam
1152 3234 1270 3297 invenit
1295 3238 1467 3314 serpentem
1490 3250 1509 3295 a

443 3324 618 3404 pastoribus
638 3324 820 3401 exstrictum,
840 3327 869 3387 et
887 3323 1042 3403 stipitibus
1061 3323 1227 3403 alligatum,
1250 3341 1343 3402 quem
1365 3340 1439 3386 mox
1458 3338 1509 3385 so

443 3413 541 3475 lutum
565 3413 726 3476 calefacere
749 3412 874 3477 curavit.
914 3412 1087 3475 Calefactus
1107 3428 1234 3492 serpens
1253 3412 1333 3474 circa
1352 3411 1507 3474 foventem

441 3518 564 3581 serpere
587 3502 695 3581 coepit,
726 3506 755 3563 et
781 3501 904 3563 tandem
933 3501 1060 3581 ligatum
1087 3500 1220 3581 graviter
1245 3500 1374 3563 strinxit.
1421 3501 1510 3563 Tunc

389 3606 429 3651 115
444 3590 554 3652 homo:
579 3588 675 3667 Quid,
696 3590 803 3669 inquit,
823 3590 920 3653 facis?
943 3590 1011 3653 Cur
1026 3590 1140 3652 malum
1157 3608 1216 3669 pro
1231 3589 1317 3652 bono
1333 3587 1458 3650 reddis?
1473 3622 1500 3631 -
1615 3623 1619 3631 ·

444 3678 480 3739 Et
495 3678 569 3741 haec
584 3696 723 3758 serpens:
748 3678 894 3740 Naturam
912 3697 1012 3742 meam
1027 3679 1117 3742 facio.
1132 3714 1159 3721 -
1174 3678 1306 3753 Bonum,
1322 3676 1363 3738 ait
1378 3675 1436 3752 ille,
1452 3674 1508 3738 tibi

442 3765 509 3844 ieci,
525 3770 554 3829 et
569 3766 645 3829 illud
662 3766 743 3829 malo
760 3766 836 3829 mihi
853 3767 980 3831 reddis?
993 3804 1019 3811 -
1041 3770 1068 3831 5.
1086 3767 1147 3829 lllis
1162 3784 1235 3829 vero
1254 3765 1300 3828 sic
1320 3763 1509 3827 contenden-

442 3854 525 3918 tibus
540 3860 646 3919 vocata
668 3860 713 3919 est
736 3855 813 3918 inter
836 3874 890 3919 eos
912 3856 952 3918 ad
974 3856 1122 3936 judicium
1147 3854 1264 3934 vulpes,
1287 3852 1336 3915 cui
1356 3856 1454 3915 totum
1475 3858 1510 3916 ut

444 3948 584 4007 evenerat
611 3962 649 4006 ex
672 3944 782 4025 ordine
805 3948 1007 4007 monstratum
1032 3948 1085 4007 est
1120 3944 1208 4005 Tunc
1229 3942 1351 4021 vulpes:
1380 3942 1429 4004 De
1452 3941 1510 4006 lrac

391 4052 430 4097 rao
445 4050 536 4097 causa
557 4051 612 4114 per
632 4033 771 4096 auditum
796 4032 932 4112 iudicare
959 4033 1084 4113 ignoro,
1115 4032 1174 4094 nisi
1197 4031 1327 4111 qualiter
1352 4030 1510 4094 intervos

445 4122 578 4203 primum
594 4122 685 4184 luerit
699 4122 738 4184 ad
755 4122 880 4185 oculum
897 4121 1000 4184 video.
1015 4158 1042 4165 -
1058 4126 1086 4183 6.
1100 4120 1255 4200 Religatur
1270 4119 1363 4199 igitur
1382 4137 1510 4200 serpens

444 4216 478 4275 ut
497 4212 591 4294 prius.
621 4210 719 4274 Modo
740 4209 839 4289 inquit
859 4210 981 4289 vulpoe:
1005 4209 1036 4272 Ο
1057 4226 1192 4288 serpens,
1218 4208 1243 4271 si
1267 4212 1356 4289 potes
1379 4209 1509 4272 evadere
