3584 4884
835 385 1056 488 ..92-

411 603 532 666 uocauit
554 621 625 665 eum
642 607 670 665 et
689 603 741 665 ait:
770 603 820 668 »Ο
845 603 935 666 irater
959 603 1124 679 karissime,
1147 603 1306 682 quoddam
1330 607 1481 666 secretum

412 693 512 756 habeo
550 692 604 754 tibi
643 693 816 771 expandere
824 714 831 767 ;
878 693 957 755 intra
994 692 1124 755 domum
1165 711 1264 754 meam
1303 696 1333 754 et
1370 711 1481 772 parum

355 798 397 843 sro
413 781 576 861 requiesce,
600 780 701 843 donec
716 783 938 861 perorauero!u
976 782 1029 844 llle
1044 799 1118 844 vero
1142 782 1277 858 intrauit
1302 781 1390 844 miles
1405 799 1481 844 vero

412 889 482 933 eum
514 874 666 950 gratanter
696 870 808 949 recepit
815 891 821 944 ;
857 871 951 933 ambo
983 871 1065 933 iuxta
1096 871 1199 949 ignem
1229 870 1385 933 sedebant
1430 870 1482 932 nit

412 959 552 1022 domina:
586 958 636 1024 „0
660 958 751 1020 irater
774 959 816 1020 mi
839 958 956 1036 dilecte,
984 959 1041 1022 hec
1064 963 1109 1022 est
1131 977 1229 1036 causa,
1253 978 1348 1039 quare
1371 959 1428 1021 ieci
1452 964 1481 1021 le

412 1048 534 1125 intrare,
574 1047 647 1127 quia
680 1051 827 1110 secretum
863 1047 966 1111 cordis
1000 1049 1060 1110 mei
1095 1052 1204 1128 potero
1235 1047 1289 1110 tibi
1320 1048 1480 1128 explicare.

412 1137 510 1199 Nocte
533 1137 672 1216 preterita
695 1136 821 1215 quidam
846 1136 934 1199 miles
963 1137 1086 1199 intrauit
1107 1141 1137 1198 et
1159 1155 1229 1198 cum
1254 1137 1385 1199 domino
1408 1155 1481 1198 meo

362 1242 404 1287 sm
413 1225 452 1288 de
475 1225 606 1288 diuersis
629 1225 765 1288 contulit.
814 1226 893 1288 lnter
916 1230 1012 1287 cetera
1034 1224 1168 1305 quedam
1196 1226 1290 1288 verba
1313 1225 1482 1305 opprobria

412 1314 439 1376 ei
464 1314 596 1393 protulit.
638 1313 793 1377 Dominus
817 1333 905 1377 meus
928 1332 965 1376 ex
988 1314 1048 1377 hoc
1071 1313 1248 1392 indignatus
1271 1315 1358 1376 illum
1383 1333 1481 1393 vsque

411 1402 449 1465 ad
473 1421 528 1466 cor
551 1403 705 1483 percussit,
736 1407 765 1465 el
788 1408 928 1466 mortuus
950 1407 1002 1466 est.
1049 1402 1174 1483 Corpus
1204 1403 1270 1465 eius
1301 1403 1332 1464 in
1361 1421 1481 1465 camera

413 1495 515 1554 nostra
538 1492 620 1554 iacet.
668 1493 770 1554 Frater
793 1491 958 1569 karissime,
990 1492 1109 1554 nullum
1139 1491 1298 1568 habemus,
1329 1492 1360 1553 in
1385 1510 1480 1571 quem

413 1581 581 1660 poterimus
604 1584 720 1642 tantum
745 1581 901 1643 confidere
924 1581 1002 1644 sicut
1024 1581 1056 1642 in
1080 1585 1116 1642 te.
1151 1581 1184 1644 Si
1207 1599 1320 1660 corpus
1344 1580 1480 1643 defuncti

364 1670 588 1732 moinuenialur
611 1669 782 1747 nobiscum,
807 1674 905 1732 morte
928 1669 1102 1750 turpissima
1117 1669 1233 1732 erimus
1253 1669 1480 1748 condempnati.

415 1758 487 1821 ldeo
517 1758 567 1820 dei
597 1777 703 1822 amore
737 1777 851 1838 corpus
883 1758 959 1820 illud
990 1763 1210 1835 ammoneatur,
1245 1777 1285 1820 ne
1315 1758 1480 1821 nobiscum

413 1847 619 1910 inueniaturl¹¹
659 1849 694 1910 Et
710 1847 802 1910 nichil
819 1848 846 1910 ei
864 1847 1011 1911 fatebatur
1034 1847 1092 1910 nisi
1116 1847 1155 1909 de
1178 1865 1242 1910 vno
1258 1847 1352 1909 milite
1367 1847 1480 1910 occiso.

412 1937 451 1998 nt
474 1937 536 1999 ille:
564 1936 682 2002 „Trade
705 1955 776 2000 eum
802 1937 893 2000 michi
918 1937 949 1999 in
965 1954 1053 1999 sacco
1069 1940 1098 1998 et
1115 1936 1227 1998 ducam
1244 1936 1370 1997 eumad
1387 1954 1480 2012 mare,

412 2025 464 2088 vbi
489 2044 649 2106 nunquam
673 2043 787 2106 corpus
809 2044 901 2088 suum
925 2025 1094 2088 videbitis.u
1134 2025 1194 2103 (BL
1214 2026 1317 2102 losr.)
1348 2025 1401 2086 llla
1424 2025 1482 2087 hec

364 2115 542 2177 sanaudiens
565 2116 671 2194 gauisa
692 2121 738 2177 est
760 2115 860 2192 valde;
884 2115 1008 2177 tradidit
1025 2114 1052 2176 ei
1068 2131 1181 2193 corpus
1205 2114 1295 2193 primi
1320 2113 1424 2176 militis
1448 2114 1479 2175 in

412 2221 510 2266 sacco.
558 2203 692 2282 Peruigil
731 2222 843 2284 corpus
881 2205 995 2283 accepit
1029 2207 1058 2266 et
1090 2203 1161 2281 agili
1196 2220 1287 2264 cursu
1321 2201 1360 2263 ad
1396 2220 1481 2264 mare

413 2291 544 2371 perrexit
567 2296 596 2353 et
619 2291 694 2354 illud
719 2292 750 2353 in
775 2311 857 2354 mare
881 2292 1015 2372 proiecit
1048 2292 1117 2354 lloc
1139 2292 1219 2354 lacto
1241 2309 1385 2369 reuersus
1410 2291 1477 2370 [est]

412 2379 451 2442 ad
475 2379 605 2444 domum
633 2381 749 2444 sororis
773 2385 801 2442 et
823 2381 874 2442 ait:
909 2380 1065 2459 „Propina
1092 2379 1185 2442 michi
1216 2379 1255 2442 de
1283 2380 1368 2442 bono
1396 2381 1479 2457 vino,

414 2468 487 2548 quia
510 2487 564 2549 per
588 2469 680 2530 deum
704 2469 743 2530 ab
767 2487 805 2530 eo
828 2469 900 2531 estis
928 2468 1081 2530 liberatil¹¹
1130 2469 1170 2530 nt
1193 2469 1257 2531 illa:
1294 2469 1401 2533 „Deus
1424 2468 1478 2530 tibi

365 2558 594 2622 uoreuibuatu
643 2557 785 2633 Surrexit,
815 2559 899 2619 acsi
922 2557 1029 2619 vinum
1053 2562 1201 2636 quereret
1247 2556 1409 2620 Cameram
1434 2558 1479 2618 in-

302 2651 305 2656 '
413 2647 509 2724 trauit,
539 2646 569 2708 in
594 2664 655 2726 qua
678 2663 808 2725 corpora
836 2650 1030 2708 mortuorum
1054 2646 1192 2708 iacebant
1199 2668 1206 2722 ;
1237 2647 1379 2709 clamauit
1401 2663 1480 2708 uoce

414 2753 525 2814 magna
547 2739 577 2797 et
598 2735 650 2796 ait:
678 2772 691 2799 i
699 2734 757 2796 Per
779 2734 873 2796 deum
890 2735 1142 2815 omnipotentem,
1167 2735 1255 2797 miles
1278 2735 1431 2814 proiectus
1447 2735 1479 2796 in

414 2842 496 2885 mare
520 2823 642 2885 rediit!u
693 2823 835 2902 Peruigil,
864 2842 934 2885 cum
959 2824 1019 2886 hoc
1041 2823 1182 2900 audisset,
1210 2824 1429 2886 ammirabatur
1451 2828 1480 2886 et

413 2913 465 2974 ait:
493 2912 610 2977 „Trade
634 2930 708 2992 ergo
732 2930 802 2974 eum
828 2912 920 2974 michi
944 2916 974 2974 et
988 2911 1109 2989 videbo,
1133 2913 1158 2974 si
1183 2913 1288 2974 iterato
1312 2917 1476 2991 resurgat¹⁴

364 3019 406 3064 sss
414 3001 538 3081 Accepit
559 3019 673 3082 corpus
688 3000 814 3064 secundi
839 3001 949 3078 militis,
973 3001 1058 3080 quod
1082 3001 1224 3064 credebat
1246 3019 1312 3064 esse
1335 3001 1478 3080 primum,

414 3091 518 3171 posuit
532 3091 563 3152 in
579 3109 709 3167 saccum,
725 3090 762 3152 ad
781 3108 864 3152 mare
879 3090 1018 3167 cucurrit
1038 3089 1185 3169 grandem
1203 3108 1329 3169 quoque
1346 3090 1477 3170 lapidem

413 3180 492 3242 circa
521 3179 635 3242 collum
666 3180 733 3242 eius
763 3179 868 3258 ligauit
898 3183 927 3240 et
955 3179 999 3241 sic
1029 3179 1060 3240 in
1091 3197 1202 3257 aquam
1234 3179 1375 3258 proiecit,
1407 3197 1478 3240 nam

414 3287 496 3331 mare
521 3287 575 3349 per
598 3269 734 3330 medium
759 3268 887 3330 ciuitatis
910 3268 1057 3330 currebat.
1091 3269 1161 3330 lloc
1183 3267 1262 3330 iacto
1284 3266 1324 3330 ad
1348 3268 1478 3329 domum

413 3357 529 3421 sororis
557 3356 646 3419 rediit
673 3362 701 3418 et
723 3357 775 3418 ait:
810 3357 996 3423 „Karissima
1025 3374 1122 3432 soror,
1154 3356 1285 3436 propina
1316 3356 1407 3420 michi
1440 3356 1479 3418 de

351 3447 500 3510 rmobono
523 3445 604 3522 vino,
637 3447 709 3524 quia
736 3445 802 3508 sine
826 3445 924 3508 dubio
955 3445 1014 3507 iarn
1044 3446 1167 3508 liberata
1190 3463 1223 3507 es
1246 3445 1285 3507 de
1308 3447 1380 3507 colu
1430 3445 1480 3506 Ait

414 3535 476 3596 illa:
503 3533 705 3602 „Benedictus
728 3535 770 3597 sis
785 3552 803 3595 a
818 3534 913 3597 deo!“
948 3533 1108 3597 Cameram
1127 3533 1256 3610 intrauit
1279 3533 1355 3596 acsi
1371 3533 1478 3595 vinum

414 3627 561 3703 quereret
595 3622 664 3684 Alta
686 3641 763 3684 uoce
786 3623 940 3685 clamauit:
967 3624 1058 3690 „lieu
1083 3623 1183 3699 michi,
1208 3623 1282 3684 heu!
1307 3641 1363 3702 per
1385 3622 1478 3684 deum

414 3712 665 3792 omnipotentem,
698 3711 785 3773 miles
808 3711 930 3774 rediit!u
981 3711 1123 3790 Peruigil,
1156 3729 1226 3773 curn
1256 3711 1315 3774 hoc
1337 3711 1479 3787 audisset,

413 3802 466 3864 ait:
493 3800 623 3874 „Qualis
645 3799 798 3880 dyabolus
813 3804 858 3862 est
873 3800 923 3862 ille
940 3800 1048 3863 miles?
1089 3799 1193 3862 Primo
1216 3817 1287 3862 eum
1313 3799 1343 3862 in
1367 3818 1478 3878 aquam

351 3909 404 3956 1005
414 3890 541 3972 proieci;
565 3889 703 3951 secundo
720 3888 851 3969 lapidem
868 3889 1017 3967 grandem
1036 3889 1114 3951 circa
1129 3889 1243 3951 collum
1260 3906 1351 3950 suum
1376 3888 1478 3967 ligaui,

413 3985 441 4042 el
464 3979 566 4042 adhuc
580 3977 710 4041 surrexit
732 3982 761 4039 et
784 3978 844 4039 huc
860 3978 950 4042 venit
989 3978 1087 4040 Trade
1103 3995 1174 4040 eum
1192 3977 1318 4039 michi!u
1355 3977 1480 4056 Accepit

413 4069 539 4131 tercium
564 4067 690 4129 militem
719 4066 750 4128 in
778 4084 909 4142 saccum,
942 4084 1035 4146 quem
1066 4066 1207 4128 credebat
1237 4083 1304 4128 esse
1334 4066 1478 4145 primum,

476 4161 551 4218 extra
580 4157 730 4218 ciuitatem
763 4155 893 4234 perrexit
922 4155 961 4216 ad
989 4155 1145 4234 quandam
1176 4154 1319 4217 lorestam
1350 4159 1379 4216 et
1411 4154 1480 4216 lecit
