3584 4884
719 466 939 527 -35-

289 648 400 705 eorum
426 659 506 721 quae
517 641 679 704 restabant
693 641 794 704 adhuc
809 641 992 721 expectabat
1028 642 1064 703 Et
1079 641 1119 704 ita
1134 642 1221 705 bono
1236 640 1363 721 ingenio

238 731 411 794 eoxemlae
436 729 554 793 reddita
576 730 634 791 luit
655 730 723 793 viro
745 748 867 793 summa
890 730 1045 810 pecunIae

702 873 807 937 XVIII.
858 878 952 936 1-8.

296 1052 299 1057 ,
384 1006 412 1059 1.
438 997 562 1060 Dictum
587 1001 632 1060 est
658 996 698 1059 de
727 996 864 1076 quodam
894 996 989 1059 divite
1019 996 1051 1057 ln
1081 996 1230 1059 civitatem
1262 1000 1362 1074 eunte,

291 1086 378 1166 quod
402 1086 566 1149 sacculum
584 1086 667 1167 mille
688 1086 806 1149 talentis
829 1084 956 1166 plenum
979 1103 1084 1149 secum
1107 1085 1245 1160 deterret,
1268 1090 1298 1148 et
1316 1085 1363 1147 in·

291 1193 386 1255 super
408 1193 537 1238 aureum
560 1178 732 1255 serpentem
763 1175 872 1237 oculos
902 1175 1064 1238 habentem
1093 1174 1307 1255 hyacinthinos
1329 1174 1362 1237 in

292 1264 415 1327 sacculo
438 1263 560 1342 eodem.
607 1261 703 1337 Quod
727 1267 824 1326 totum
852 1264 945 1327 simul
973 1263 1081 1325 amisit
1127 1261 1264 1337 Quidam
1287 1280 1363 1326 vero

240 1372 279 1416 uo
293 1371 412 1433 pauper
441 1350 633 1414 iterfaciens
661 1351 737 1413 illud
767 1352 891 1429 invenit,
921 1352 1068 1432 deditque
1099 1352 1189 1415 uxori
1219 1368 1302 1424 suae,
1333 1357 1364 1415 et

292 1441 457 1520 quomodo
478 1440 657 1503 invenisset
680 1440 788 1505 retulit
827 1440 940 1503 Mulier
960 1441 1021 1503 hoc
1035 1440 1165 1503 audiens
1187 1441 1240 1503 ait:
1263 1440 1361 1514 Quod

293 1530 380 1593 Deus
404 1529 491 1591 dedit
513 1528 731 1592 custodiamus.
759 1564 792 1574 -

293 1662 296 1667 -
382 1627 413 1680 2.
436 1618 504 1681 Alia
516 1618 567 1680 dle
583 1636 692 1697 praeco
709 1636 764 1698 per
778 1618 859 1681 vlam
876 1618 917 1680 ita
934 1618 1088 1680 clamavit:
1105 1618 1170 1691 Qui
1186 1618 1276 1680 talem
1292 1636 1362 1681 cen·

291 1726 360 1771 sum
379 1706 505 1783 invenit,
522 1706 636 1783 reddat,
652 1710 682 1769 et
695 1708 814 1787 absque
828 1707 935 1786 aliquo
950 1706 1090 1769 forifacto
1110 1711 1232 1770 centum
1252 1707 1362 1770 talenta

241 1814 280 1859 iro
294 1796 366 1859 inde
389 1796 526 1875 accipiat.
555 1831 587 1840 —
618 1796 702 1859 Ilaec
723 1796 853 1859 audiens
877 1796 1019 1859 inventor
1041 1813 1152 1859 census
1173 1795 1251 1857 dixit
1272 1796 1362 1859 uxori

291 1904 379 1949 suae:
406 1884 585 1953 Reddamus
600 1902 735 1961 censum,
752 1889 781 1947 et
801 1884 873 1947 inde
893 1884 1012 1966 absque
1032 1885 1138 1964 aliquo
1153 1889 1276 1965 peccato
1291 1903 1362 1947 cen·

291 1978 356 2036 tum
381 1974 495 2036 talenta
517 1973 694 2036 habeamus.
712 2010 739 2017 -
758 1972 818 2036 Cui
842 1973 954 2036 mulier
974 1974 1028 2037 alt:
1052 1973 1083 2037 si
1109 1974 1196 2036 Deus
1216 1973 1363 2037 voluisset

292 2063 380 2125 illum
398 2063 483 2125 hunc
498 2080 625 2125 censum
641 2062 762 2139 habere,
779 2080 843 2125 non
863 2062 1029 2125 amississet
1048 2081 1130 2126 eum.
1156 2062 1253 2136 Quod
1276 2062 1362 2125 Deus

291 2152 420 2215 donavit
451 2151 668 2214 custodiamus.
692 2187 719 2194 -
742 2158 770 2215 3.
803 2152 948 2213 Inventor
977 2169 1089 2214 census
1120 2155 1154 2213 ut
1185 2150 1363 2214 redderetur

241 2240 470 2303 inelaboravit.
493 2241 532 2303 ht
544 2240 610 2320 ipsa
622 2238 806 2303 omnImodo
819 2239 999 2319 denegabat
1025 2241 1060 2302 Et
1071 2258 1153 2316 eum,
1165 2240 1256 2302 vellet
1267 2241 1363 2305 nollet

291 2330 412 2406 mulier,
430 2328 578 2392 domiuus
594 2328 735 2406 reddidit,
756 2332 785 2391 et
800 2328 887 2408 quod
904 2346 1014 2408 praeco
1029 2329 1211 2408 promiserat
1230 2330 1361 2409 expetiit

293 2418 390 2481 DIves
406 2422 507 2479 autem
521 2418 631 2497 plenus
643 2418 778 2497 nequltia
789 2418 842 2480 ait:
858 2417 971 2480 Adhuc
985 2417 1079 2479 alium
1096 2418 1172 2479 mihi
1188 2424 1360 2498 serpentem

289 2507 399 2570 deesse
422 2506 530 2569 sciatis.
559 2542 586 2549 -
612 2507 696 2569 llaec
719 2525 812 2587 prava
835 2506 1002 2570 intentione
1025 2506 1153 2586 dIcebal,
1177 2510 1212 2569 ut
1234 2508 1360 2588 pauperi

292 2595 415 2659 homini
432 2595 542 2657 talenta
558 2612 622 2658 non
639 2595 777 2658 redderet
793 2596 953 2676 promissa
978 2596 1099 2675 Pauper
1110 2614 1184 2659 vero
1201 2595 1276 2658 nihil
1291 2597 1362 2676 plus

242 2702 278 2748 us
292 2703 324 2748 se
340 2684 498 2747 invenIsse
513 2684 640 2749 dicebat
664 2693 693 2747 4.
705 2685 745 2747 nt
759 2685 903 2748 homiues
918 2684 1044 2747 civitatis
1059 2684 1141 2747 illius
1156 2684 1242 2747 diviti
1257 2685 1361 2747 taven-

290 2778 334 2837 tes
350 2772 481 2854 pauperi
503 2773 693 2853 derogantes,
715 2773 905 2836 inexorabile
925 2778 1031 2837 contra
1045 2774 1201 2836 fortunam
1218 2774 1361 2855 pauperis

290 2862 401 2927 odium
426 2866 573 2941 gerentes,
598 2862 685 2924 illum
708 2862 747 2925 ad
770 2862 916 2942 Justitiam
940 2866 1192 2943 provocaverunt.
1240 2863 1362 2943 Pauper

289 2956 393 3015 autern
407 2950 577 3029 clamando,
591 2954 624 3013 ut
635 2952 855 3030 supradictum
864 2955 917 3028 est
929 2968 962 3014 se
974 2951 1050 3013 nihil
1061 2952 1196 3032 amplius
1208 2952 1361 3015 invenisse

288 3040 411 3119 juravit.
443 3038 503 3103 Sed
525 3039 601 3102 dum
622 3057 725 3104 sermo
746 3040 962 3120 hujuscemodi
979 3058 1151 3121 pauperum
1167 3040 1361 3121 dlvltumque

241 3146 278 3192 rso
292 3148 348 3209 per
369 3146 426 3191 ora
446 3128 634 3207 discurreret,
659 3129 804 3192 ministris
819 3129 1021 3192 referentibus
1036 3129 1159 3192 tandem
1174 3148 1265 3192 aures
1280 3130 1361 3209 regis

290 3218 450 3298 percussit.
491 3220 519 3281 5.
544 3217 608 3291 Qui
625 3235 723 3297 quum
739 3217 866 3295 audivit,
883 3218 1010 3280 divitem
1026 3222 1056 3280 et
1071 3237 1246 3299 pauperem,
1267 3218 1359 3281 slmul

290 3312 319 3369 et
334 3306 500 3387 pecuniam
521 3306 579 3369 sibi
597 3307 780 3387 praesentari
797 3308 958 3387 praecepit
997 3306 1146 3370 Adductis
1162 3307 1309 3371 omnibus
1331 3312 1361 3370 et

290 3395 517 3477 philosophum
532 3395 722 3458 Auxilium
748 3396 972 3458 miserorum
996 3414 1067 3458 cum
1083 3396 1149 3458 aliis
1171 3396 1361 3477 sapientibus

289 3484 329 3547 ad
345 3502 381 3548 se
397 3484 524 3561 vocavit,
541 3484 669 3563 ejusque
684 3484 867 3548 accusatoris
879 3502 987 3548 vocem
1004 3489 1034 3546 et
1053 3485 1181 3547 accusati
1201 3485 1309 3548 audire
1331 3491 1361 3549 et

240 3591 277 3635 us
290 3572 430 3635 enodare
457 3573 618 3652 praecepit.
670 3573 881 3653 Philosophus
909 3573 984 3637 haec
1012 3573 1153 3652 audiens,
1186 3579 1360 3638 commotus

290 3661 401 3741 pietate
425 3661 576 3740 pauperis,
599 3661 652 3724 ait:
676 3662 849 3724 huinIante
866 3662 936 3725 Deo
958 3666 987 3725 te
1011 3662 1139 3726 liberare
1162 3664 1308 3727 conabor.
1324 3700 1351 3708 -

288 3750 337 3812 Ad
356 3749 433 3811 hacc
449 3766 576 3829 pauper:
601 3749 662 3814 Scit
679 3750 765 3814 Deus
781 3750 868 3830 quod
884 3750 1006 3813 reddidi
1023 3757 1172 3831 quantum
1189 3752 1302 3816 inveni.
1324 3789 1351 3797 -

290 3843 318 3901 6.
335 3838 428 3900 Tunc
443 3837 650 3918 philosophus
665 3839 740 3901 dixit
755 3839 793 3900 ad
811 3856 928 3918 regem:
945 3838 976 3903 Si
990 3844 1104 3903 rectum
1122 3840 1194 3903 inde
1209 3840 1359 3920 judicium

289 3927 382 3991 vobis
405 3924 513 3989 audIre
530 3927 682 4006 placuerit,
706 3928 816 3990 dicam.
834 3963 860 3971 -
878 3927 943 3997 Rex
966 3929 1041 3991 haec
1062 3930 1200 4005 audiens,
1223 3934 1258 3992 ut
1278 3930 1359 4010 judi-

240 4032 277 4077 uo
290 4020 371 4080 earet
394 4014 525 4095 rogavit.
571 4016 659 4079 Tunc
682 4016 888 4098 philosophus
912 4018 976 4096 regi
999 4017 1052 4080 ait:
1077 4019 1134 4082 lste
1154 4018 1250 4082 homo
1273 4019 1360 4081 dives

289 4106 394 4171 bonus
418 4108 465 4168 est
487 4104 627 4182 multum,
656 4109 685 4168 et
708 4124 771 4169 non
796 4109 841 4169 est
862 4106 1009 4169 credibile
1032 4124 1104 4169 eum
1127 4106 1245 4186 ahquid
1268 4108 1359 4169 inter-

289 4213 401 4275 rogare
416 4192 506 4274 quod
522 4211 586 4257 non
601 4194 759 4258 amisisset.
807 4196 851 4257 Ex
871 4196 929 4258 alia
945 4199 1029 4276 parte
1045 4196 1121 4257 mihi
1137 4194 1258 4257 videtur
1272 4194 1358 4274 quod

1201 4312 1235 4363 30
