3584 4884
707 458 927 517 ..33-

278 630 366 693 omni
398 630 502 708 modo,
533 630 613 693 facto
636 635 728 711 atque
750 635 947 709 sacramento,
970 630 1128 711 denegans
1160 630 1214 694 ait:
1244 630 1276 695 O
1303 648 1349 695 se·

226 734 266 781 ans
280 719 405 782 ductor!
443 720 541 781 Tuam
565 737 633 782 esse
656 719 826 800 perfidiam,
849 723 941 800 atque
963 724 1051 782 tuum
1074 720 1194 784 facinus
1208 736 1275 783 esse
1290 720 1350 783 tuis

279 808 459 889 parentibus
482 806 652 885 ostendam,
676 808 763 888 quod
786 825 972 889 unaquaque
992 812 1081 872 nocte
1094 808 1205 872 solitus
1219 826 1253 871 es
1268 809 1350 872 exire

277 915 296 959 a
319 915 370 959 me
394 896 434 959 ita
456 896 570 974 furtim,
594 901 624 960 et
643 896 816 960 meretrices
830 897 923 960 adire
944 932 971 941 -
996 898 1032 959 Et
1047 897 1087 960 ita
1101 898 1172 977 egit
1207 896 1351 961 Parentes

278 1004 354 1049 vero
383 986 458 1048 haec
480 985 639 1049 audientes
661 990 752 1065 atque
778 1004 885 1048 verum
917 986 1122 1050 existimantes
1151 1004 1223 1049 eunt
1254 986 1350 1049 incre-

279 1080 443 1155 paverunt;
467 1078 497 1138 et
519 1074 559 1137 ita
579 1074 690 1137 mulier
705 1075 755 1137 illa
778 1074 903 1138 liberata
925 1079 988 1137 arte
1010 1092 1066 1138 sua
1087 1074 1240 1155 flagitium
1263 1074 1349 1155 quod

229 1182 267 1227 neo
281 1167 435 1226 meruerat
456 1163 488 1225 in
512 1164 613 1226 virum
636 1181 728 1226 suum
753 1164 884 1241 retrusit,
916 1164 965 1227 cui
996 1163 1071 1226 nihil
1095 1164 1223 1245 profuit,
1253 1164 1351 1227 immo

280 1252 383 1315 obfuit
412 1252 573 1315 mulierem
605 1252 793 1316 custodiisse.
854 1259 903 1315 to.
934 1253 1014 1315 Nam
1044 1253 1092 1315 isti
1122 1253 1213 1315 etiam
1243 1252 1352 1316 accidit

280 1340 425 1404 cumulus
445 1341 500 1404 iste
524 1340 663 1404 miseriae
679 1341 764 1421 quod
787 1341 1012 1405 existimatione
1035 1341 1240 1421 plurimorum
1264 1342 1350 1422 quod

280 1430 452 1510 patiebatur
475 1430 624 1493 meruisse
646 1430 827 1493 crederetur.
875 1430 969 1495 Unde
991 1430 1118 1510 quidem
1142 1431 1235 1493 bonis
1257 1448 1350 1510 quam

281 1518 425 1599 pluribus
448 1519 569 1599 pulsus,
592 1518 792 1598 dignitatibus
814 1523 937 1595 exutus,
960 1519 1181 1582 existimatione
1203 1519 1351 1597 foedatus,

232 1625 269 1671 am
282 1607 323 1671 ob
347 1607 457 1671 uxoris
479 1607 693 1687 maliloquium
717 1607 806 1670 etiam
830 1608 964 1671 incestus
985 1608 1052 1671 tulit
1074 1608 1270 1689 supplicium.

694 1750 771 1813 XVI.
821 1758 874 1811 1-
888 1758 937 1811 10.

374 1883 401 1935 1.
428 1874 553 1937 Dictum
578 1874 654 1937 mihi
684 1875 742 1937 fuit
769 1874 855 1955 quod
884 1874 1010 1954 quidam
1036 1874 1195 1954 Hispanus
1222 1874 1354 1955 perrexit

282 1964 434 2039 Meccam,
472 1968 502 2025 et
530 1963 606 2025 dum
638 1964 693 2027 iret
722 1964 806 2026 venit
840 1963 871 2025 in
903 1962 1087 2043 Aegyptum.
1141 1962 1205 2037 Qui
1235 1963 1353 2026 deserta

281 2058 376 2116 terrae
402 2052 514 2115 intrare
544 2052 653 2115 volens
683 2057 712 2115 et
740 2052 875 2130 transire,
907 2051 1050 2131 cogitavit
1079 2051 1165 2131 quod
1189 2052 1352 2132 pecuniam

281 2160 370 2205 suam
395 2141 427 2203 in
443 2140 585 2222 Aegypto
608 2141 778 2218 dimitteret,
802 2146 831 2204 et
852 2145 1016 2221 antequam
1032 2140 1183 2203 dimittere
1198 2140 1353 2218 voluisset,

233 2248 269 2293 aro
283 2230 484 2309 interrogavit
506 2230 531 2293 si
554 2230 666 2309 aliquis
690 2231 786 2293 homo
809 2229 913 2293 fidelis
932 2233 1012 2292 esset
1030 2228 1062 2291 in
1078 2229 1129 2291 illa
1144 2229 1280 2309 regione,
1303 2228 1353 2292 cui

282 2322 388 2400 posset
423 2318 584 2399 pecuniam
620 2337 707 2381 suam
747 2318 907 2382 dimittere.
966 2318 1054 2381 Tunc
1091 2318 1292 2381 ostendemnt
1325 2318 1353 2381 ei

282 2408 444 2471 hominem
468 2408 628 2488 antiquum
645 2411 781 2471 notatum
803 2408 954 2489 probitate
977 2406 1137 2484 fidelitatis,
1160 2406 1210 2469 cui
1233 2406 1273 2469 de
1295 2424 1354 2470 suo

283 2497 367 2559 mille
382 2496 494 2559 talenta
510 2496 673 2561 commisit
710 2496 831 2560 Deinde
849 2496 989 2577 perrexit.
1026 2504 1054 2558 2.
1072 2497 1225 2576 Factoque
1248 2495 1354 2558 itinere

282 2586 321 2648 ad
337 2586 426 2647 illum
448 2584 537 2649 rediit
559 2586 608 2649 cui
632 2586 792 2666 pecuniam
816 2585 978 2663 commisit,
1001 2589 1031 2647 et
1052 2583 1139 2663 quod
1161 2584 1355 2647 commiserat

234 2691 271 2737 ars
284 2675 323 2738 ab
347 2692 386 2737 eo
411 2674 568 2754 quaesivit
614 2674 734 2752 utute,
758 2674 868 2754 plenus
891 2674 1039 2753 nequitia,
1067 2673 1153 2735 illurn
1182 2690 1353 2753 numquam

283 2768 372 2827 antea
394 2780 428 2827 se
451 2762 565 2827 vidisse
588 2762 714 2827 dicebat.
746 2763 798 2826 llle
820 2781 895 2826 vero
922 2762 966 2826 sic
988 2762 1134 2842 deceptus
1162 2762 1293 2842 perrexit
1313 2761 1353 2824 ad

284 2853 405 2933 probos
428 2852 571 2915 homines
594 2852 730 2931 regionis
753 2852 842 2930 illius,
870 2856 900 2915 et
923 2851 1085 2931 quomodo
1107 2855 1261 2914 tractasset
1282 2868 1353 2913 eum

284 2942 382 3005 homo
407 2940 458 3003 ille
480 2941 529 3003 cui
553 2942 714 3021 pecuniam
738 2940 932 3003 commiserat
955 2940 999 3003 eis
1022 2940 1132 3003 retulit.
1164 2939 1264 3003 Vicini
1280 2957 1355 3002 vero

284 3030 368 3093 illius
391 3028 432 3091 de
456 3047 493 3093 eo
516 3030 585 3092 talia
606 3028 765 3093 audientes
781 3030 904 3093 credere
920 3029 1093 3106 noluerunt,
1117 3028 1171 3091 sed
1195 3028 1271 3090 nihil
1295 3028 1356 3091 hoc

234 3136 272 3182 aso
285 3136 352 3183 esse
376 3118 529 3181 dixerunt.
569 3124 596 3181 3.
620 3118 685 3192 Qui
701 3136 775 3181 vero
796 3118 957 3199 pecuniam
974 3118 1148 3198 perdiderat
1170 3135 1355 3197 unaquaque

284 3208 335 3271 die
357 3206 398 3269 ad
422 3207 553 3270 domum
577 3207 671 3285 illius,
696 3207 749 3287 qui
773 3207 884 3287 injuste
908 3207 1056 3269 retinebat
1082 3207 1252 3286 pecuniam,
1284 3206 1354 3283 ibat,

284 3296 471 3375 blandisque
495 3296 637 3376 precibus
652 3314 723 3359 cum
740 3295 960 3377 deprecabatur
979 3299 1013 3358 ut
1027 3295 1188 3375 pecuniam
1205 3294 1353 3357 redderet

285 3384 384 3461 Quod
401 3384 547 3465 deceptor
568 3384 698 3448 audiens
721 3384 887 3465 increpavit
909 3402 980 3447 eum
1005 3384 1118 3461 dicens,
1142 3402 1182 3446 ne
1204 3383 1262 3445 tale
1277 3384 1354 3463 quid

285 3474 324 3537 de
347 3492 387 3537 eo
410 3474 544 3553 amplius
567 3473 692 3551 diceret,
717 3492 773 3537 nec
795 3474 832 3536 ad
857 3492 929 3536 eum
952 3473 1077 3535 veniret
1123 3472 1220 3547 Quod
1243 3472 1268 3535 si
1291 3490 1355 3535 am-

236 3580 273 3628 nt
286 3564 369 3644 plius
401 3562 512 3625 faceret
541 3580 656 3643 poenas
686 3580 723 3625 ex
753 3563 861 3625 merito
891 3562 1016 3625 subiret.
1063 3570 1091 3623 4.
1115 3561 1236 3624 Auditis
1264 3562 1356 3625 minis

285 3652 367 3715 illius
391 3650 446 3731 qui
470 3669 541 3713 eum
565 3651 732 3732 deceperat,
755 3651 846 3715 tristis
870 3651 972 3731 coepit
985 3651 1078 3729 abire,
1102 3654 1132 3713 et
1146 3651 1177 3713 in
1195 3650 1356 3715 redeundo

286 3741 423 3805 obviavit
446 3739 568 3803 cuidam
591 3741 708 3803 vetulae
732 3740 939 3803 eremitalibus
961 3740 1071 3821 pannis
1094 3739 1228 3802 indutae.
1273 3740 1357 3803 llaec

286 3834 388 3893 autem
404 3828 517 3892 baculo
532 3828 655 3909 fragiles
670 3833 752 3891 artus
767 3828 960 3907 sustentabat,
981 3832 1011 3891 et
1025 3846 1081 3909 per
1095 3828 1184 3906 viam,
1200 3826 1356 3891 laudando

288 3918 401 3996 Deum,
427 3916 552 3997 lapides,
576 3936 615 3981 ne
637 3918 859 3981 transeuntium
884 3917 979 3998 pedes
1002 3916 1205 3994 laederentur,
1230 3916 1356 3981 levabat

237 4023 274 4069 auo
288 4006 379 4081 Quae
394 4005 678 4070 videns-hominem
695 4007 828 4085 flentem,
844 4006 991 4087 cognovit
1005 4024 1076 4069 eum
1092 4023 1159 4069 esse
1171 4009 1356 4068 extraneum.

287 4096 456 4160 Commota
480 4095 587 4175 pietate
611 4096 642 4159 in
657 4095 854 4176 angiportum
870 4095 997 4171 vocavit,
1021 4099 1050 4157 et
1065 4094 1140 4174 quid
1157 4094 1184 4156 ei
1200 4093 1358 4155 accidisset

287 4183 496 4264 interrogavit.
527 4184 567 4247 At
581 4184 632 4247 ille
646 4184 785 4248 ordinate
801 4184 940 4247 narravit.
971 4187 998 4245 5.
1016 4183 1141 4245 Femina
1156 4199 1230 4244 vero
1245 4181 1357 4243 auditis

314 4302 432 4354 Ulrich,
449 4302 588 4347 Lettinische
601 4302 736 4347 Novellistik
750 4302 789 4345 des
808 4298 956 4343 mittelalters.
1197 4301 1211 4347 3
