3584 4884
840 478 1060 533 ,14-

549 649 642 712 Anno
666 647 819 729 completo
842 648 923 710 cadit
945 646 977 709 in
1001 646 1121 709 foveam
1146 645 1238 726 lupus
1261 649 1359 722 atrox;

593 737 709 801 Assunt
732 736 876 814 rusticuli,
900 736 940 798 de
963 753 1036 798 nece
1060 739 1131 798 sunt
1153 735 1285 814 queruli.

493 845 535 892 aaa
552 827 592 890 Hi
616 826 733 889 dicunt:
758 827 881 905 laqueo;
910 824 1052 904 quidam:
1074 824 1199 886 flamma
1220 821 1433 904 perimendum

596 917 669 979 Esse
692 915 814 995 lupum;
838 914 965 976 tumulis
988 912 1020 975 hi
1043 913 1194 975 tumulare
1218 912 1335 975 volunt.

551 1005 611 1067 llic
633 1004 713 1081 dicit,
739 1021 870 1083 poenam
895 1020 928 1065 se
952 1019 1044 1065 nosse
1067 1001 1166 1081 magis
1188 1002 1398 1076 truculentam,

596 1092 660 1167 Qui
685 1092 769 1172 petiit
791 1090 947 1171 duplicem
970 1109 1093 1171 semper
1115 1090 1193 1153 inire
1215 1090 1348 1153 thorum.

551 1181 701 1258 Consulit,
726 1185 758 1243 ut
782 1180 891 1242 mulier
915 1180 995 1242 mala
1017 1179 1125 1257 statim,
1149 1197 1228 1258 quae
1250 1179 1328 1243 solet
1350 1177 1435 1240 omni

495 1290 537 1336 aro
598 1270 682 1334 Dolo
705 1287 772 1333 esse
795 1269 893 1349 plena,
918 1286 976 1349 pro
999 1286 1073 1332 nece
1096 1268 1185 1330 detur
1207 1268 1245 1331 ei.

553 1358 730 1439 Legitimam
755 1357 881 1421 crudam
905 1356 1048 1420 crucibus
1071 1357 1145 1419 tacis
1166 1357 1338 1436 graviorem

597 1449 670 1511 Esse
693 1447 795 1524 retert;
819 1445 931 1523 ,credat
953 1446 1082 1525 quilibet
1105 1446 1160 1508 ista
1183 1445 1268 1507 mihi.

552 1537 657 1600 Poena
680 1536 763 1598 necis
786 1534 899 1598 transit.
946 1535 1031 1597 llaec
1053 1534 1148 1597 crude
1170 1551 1294 1613 semper
1315 1533 1417 1596 adurit

596 1625 662 1688 Cor
684 1624 805 1705 sponsi:
829 1624 938 1686 traude
960 1623 1097 1702 qualibet
1120 1623 1170 1685 illa
1193 1625 1298 1685 nocet‘.

498 1732 539 1779 sm
555 1714 722 1789 Quaeritur
745 1713 817 1776 inde
840 1712 941 1793 lupus,
968 1712 993 1773 si
1017 1712 1124 1790 gliscat
1146 1712 1259 1773 ducere
1281 1728 1437 1792 sponsam,

600 1804 643 1869 Ut
665 1802 762 1883 possit
784 1801 875 1864 vitam
904 1800 1082 1863 continuare
1105 1818 1201 1862 suam.

555 1893 620 1955 Nec
643 1909 738 1955 mora.
785 1890 899 1970 Raptor
922 1889 966 1952 eis
989 1888 1082 1951 lertur
1106 1906 1253 1969 responsa
1276 1887 1398 1951 dedisse

599 1980 696 2043 Talia:
720 1997 753 2042 se
776 1979 860 2042 nolle
882 1977 994 2041 ducere
1017 1977 1192 2057 legitimam.

556 2070 695 2132 Nexibus
718 2068 824 2131 uxoris
847 2067 963 2129 nullam
986 2070 1086 2129 servat
1107 2066 1330 2129 microcosmus

500 2175 541 2222 aro
601 2158 751 2236 Maiorem
776 2174 927 2238 poenam,=
941 2155 1053 2218 credite
1076 2155 1234 2218 ruricolae.

555 2246 666 2310 Carius
689 2246 841 2324 insignem
867 2248 998 2307 mortem
1022 2244 1106 2306 necis
1128 2244 1205 2307 volo‘
1226 2244 1312 2320 terre,

600 2334 704 2408 Quam
729 2352 818 2397 cruce
841 2337 988 2414 perpetua
1011 2351 1081 2395 cum
1105 2333 1233 2394 muliere
1256 2332 1307 2394 lui.

557 2424 682 2486 Femina
706 2440 799 2503 prava
822 2440 896 2485 nece
919 2422 984 2485 scio
1007 2421 1093 2501 quod
1118 2421 1341 2501 praeponderat
1364 2420 1463 2497 omni;

600 2513 687 2575 Mors
709 2511 815 2574 transit
837 2510 949 2588 subito,
973 2510 1087 2572 femina
1109 2510 1218 2572 crebro
1241 2513 1338 2572 nocet

501 2618 542 2666 ass
559 2601 684 2663 Femina
707 2600 816 2663 lethale
838 2599 924 2662 virus
946 2599 1018 2661 serit
1039 2603 1131 2678 atque
1154 2598 1258 2678 plagas
1280 2602 1337 2676 net,

601 2689 683 2752 Cum
707 2689 822 2769 quibus
846 2688 940 2750 irretit
962 2686 1056 2750 corda
1080 2688 1165 2749 Paris
1188 2686 1300 2749 stolidi.

856 2986 889 3052 6.
925 2984 1059 3055 llnlbos.

430 3109 586 3164 ·(l.ateinische
598 3108 714 3161 Gedichte,
729 3108 910 3164 herausgegeben
923 3120 968 3152 von
983 3108 1004 3163 J.
1019 3108 1108 3151 Grimm
1122 3108 1169 3151 und
1184 3108 1200 3150 l.
1213 3108 1240 3151 Α.
1255 3106 1375 3151 Schmeller
1389 3119 1411 3161 p.
1426 3107 1484 3160 354.)

505 3220 610 3289 Rebus
633 3220 804 3301 conspectis
827 3219 921 3282 seculi
990 3237 1054 3281 non
1078 3219 1225 3281 satiantur
1247 3218 1341 3295 oculi;

504 3309 604 3371 Aures
627 3313 698 3371 sunt
722 3309 753 3370 in
777 3307 959 3371 hominibus
1026 3308 1143 3370 amicae
1167 3307 1361 3370 novitatibus.

505 3396 553 3457 Ad
579 3415 715 3459 mensam
740 3397 842 3476 magni
867 3396 1016 3477 principis
1083 3401 1129 3459 est
1152 3415 1260 3460 rumor
1284 3396 1486 3460 Uniusbovis.

506 3482 717 3546 Praesentatur
740 3489 773 3546 ut
796 3485 900 3548 tabula
967 3503 1023 3566 per
1045 3485 1140 3547 verba
1161 3485 1317 3564 jocularia.

470 3588 484 3633 s
508 3572 599 3633 fiunt
620 3572 697 3634 cibis
720 3573 869 3649 convivia,
938 3573 992 3636 sed
1017 3573 1120 3636 verbis
1143 3573 1292 3637 exercitia.

507 3660 539 3720 ln
565 3676 766 3738 personarum
790 3659 926 3723 dramate
996 3663 1070 3726 Uno
1094 3667 1252 3725 cantemus
1274 3662 1314 3724 de
1337 3662 1426 3725 bove.

506 3747 593 3809 Natis
616 3752 704 3810 natus
728 3747 864 3811 ridiculis
932 3754 978 3812 est
1000 3750 1132 3814 rusticus
1158 3752 1198 3812 de
1221 3750 1347 3813 rusticis.

507 3835 622 3897 Natura
644 3836 715 3898 fecit
738 3836 907 3914 hominem,
974 3837 1029 3900 sed
1053 3837 1178 3901 fortuna
1200 3839 1381 3902 mirabilem.

507 3922 620 3986 Gravis
642 3924 694 3986 tati
717 3925 904 3987 commercio
972 3926 1069 3988 boves
1091 3928 1166 3989 emit
1188 3946 1306 4007 pauper
1329 3928 1439 4004 homo;

457 4028 484 4074 10
507 4010 572 4075 Sub
596 4012 744 4092 exemplis
766 4013 901 4091 agricola
967 4018 1076 4075 terram
1102 4015 1219 4077 laborat
1241 4016 1389 4079 scindere.

509 4101 641 4162 Eventus
664 4119 720 4179 per
742 4100 906 4163 horribiles
973 4119 1134 4180 nunquam
1158 4103 1243 4166 ducit
1264 4104 1346 4167 duos
1369 4104 1474 4180 boves,

508 4188 572 4249 Nec
595 4186 688 4249 simul
714 4188 824 4268 pungit
845 4190 971 4252 stimulo
1039 4207 1097 4251 nec
1120 4209 1186 4253 uno
1210 4192 1298 4271 ponit
1319 4192 1379 4255 sub
1401 4192 1488 4272 jugo.
