3584 4884
669 452 887 511 ..17-

281 641 305 685 aa
326 624 523 706 Suspendunt
545 644 652 689 carnes
674 626 820 704 trabibus,
887 627 982 707 pelles
1005 626 1106 689 laxant
1128 626 1160 689 in
1183 627 1337 705 curribus;

329 713 454 787 Quietae
477 715 576 777 noctis
598 718 736 795 tempore
804 718 911 795 petunt
932 720 1098 778 mercatum
1122 715 1303 796 transfugae.

329 803 462 865 Plaustra
485 804 580 883 pelles
603 804 742 866 vehentia
810 804 911 867 locunt
932 805 992 867 sub
1014 804 1187 884 arrogantia

329 893 360 953 in
383 892 506 955 mercati
530 892 668 955 confinio
737 892 819 954 inani
843 892 927 972 pleni
950 893 1082 956 somnio

173 1052 174 1055 ,
329 980 508 1061 Respectum
533 1000 589 1061 per
611 980 729 1044 silentia
795 981 917 1043 vibrant
938 1000 994 1061 per
1015 980 1075 1044 fori
1098 981 1206 1059 stadia,

281 1088 315 1132 100
330 1070 517 1150 Interpretari
541 1069 600 1132 sub
624 1088 713 1149 prece
780 1074 902 1150 sperant
923 1088 942 1131 a
964 1069 1167 1132 multitudine.

328 1159 446 1239 Vulgus
468 1159 583 1236 transit,
606 1158 719 1238 vulgus
742 1158 827 1235 redit
888 1158 993 1221 nulius
1014 1159 1075 1222 sub
1099 1177 1171 1221 cura
1194 1160 1338 1237 consulib

328 1248 398 1311 Non
422 1252 469 1310 est
491 1248 545 1327 qui
568 1251 693 1327 quaerat
715 1247 827 1327 cupide
894 1248 1115 1311 commercium
1142 1247 1182 1310 de
1209 1253 1338 1328 tergore

329 1336 400 1399 Post
423 1336 582 1399 intervalla
603 1340 778 1416 temporum
847 1337 953 1416 major,
977 1336 1111 1400 tenendo
1134 1336 1301 1414 stimulum,

328 1424 446 1488 Clamat
465 1426 496 1487 in
521 1443 614 1488 rauco
637 1429 771 1503 gutture:
839 1424 931 1502 ,Quis
945 1425 1011 1488 vult
1025 1425 1080 1487 has
1096 1425 1191 1505 peiles
1206 1427 1339 1489 emere?‘

281 1514 443 1577 1oabssunt
464 1518 584 1577 sutores
606 1513 732 1591 sordidi,
801 1514 917 1593 quibus
938 1518 1011 1577 sunt
1032 1518 1149 1594 septem
1171 1514 1272 1591 solidi,

328 1602 453 1677 Quibus
476 1603 573 1683 placet
595 1603 748 1683 coemptio
809 1621 874 1665 uno
896 1603 1017 1682 signato
1039 1604 1134 1667 corio.

330 1692 409 1755 Dicit
432 1696 531 1755 sutor:
561 1691 729 1769 ,Quantum
753 1690 836 1755 dabo
905 1692 965 1755 hoc
992 1710 1049 1772 pro
1077 1692 1194 1755 bovino
1218 1692 1338 1755 corio?‘

329 1780 500 1861 Respondit
523 1780 621 1860 major
644 1780 759 1843 subito:
828 1781 913 1857 ,Tres
936 1780 1029 1844 libras
1051 1781 1091 1844 da
1114 1781 1279 1844 continuo‘.

328 1869 421 1934 Sutor
444 1870 558 1949 inquit:
581 1870 632 1947 ,Es
654 1869 776 1932 ebrius'.
844 1869 946 1948 Major
966 1870 1019 1932 ait:
1042 1870 1128 1948 ,Sum
1151 1870 1265 1947 fatuus;

173 1966 174 2011 ἲ
281 1977 314 2021 no
329 1960 377 2021 De
401 1959 501 2021 tribus
524 1958 610 2021 libris
633 1958 797 2021 minimum
855 1976 919 2021 non
942 1958 1091 2021 dimittam
1115 1958 1294 2022 denarium‘.

326 2050 416 2111 Tunc
439 2047 508 2109 infit
529 2051 615 2110 sutor
638 2047 750 2109 setifer:
819 2046 879 2125 ,Sic
900 2046 978 2110 dicis
999 2047 1188 2127 ioculariter.

328 2138 352 2199 Ε
375 2140 483 2200 contra
506 2136 604 2215 major
626 2135 776 2199 somnifer
842 2140 903 2199 tres
926 2136 1019 2199 libras
1041 2137 1149 2199 clamat
1170 2136 1307 2199 firmiter.

326 2226 471 2305 Vulgaris
493 2225 664 2288 ammiratio
710 2242 827 2288 sonoro
851 2243 925 2288 mox
946 2224 983 2287 fit
1005 2225 1037 2287 in
1059 2225 1139 2289 foro.

173 2372 174 2375 ,
329 2316 381 2377 Est
403 2314 516 2394 vulgus
539 2314 571 2375 in
594 2314 773 2394 spectaculis
840 2313 950 2377 relictis
972 2314 1190 2379 mercimoniis.

280 2405 376 2466 nstra
399 2406 574 2466 commotus
596 2402 754 2484 presbyter
821 2402 930 2483 majori
952 2402 1026 2466 dicit
1047 2402 1175 2466 duriter:

328 2492 464 2571 ,insulse
488 2491 586 2555 nescis
610 2491 742 2554 vendere
810 2491 896 2571 quod
920 2496 1093 2572 praesentas
1115 2492 1166 2555 hic
1188 2492 1319 2572 publice

330 2583 397 2644 Hac
420 2580 505 2643 hasta
527 2580 669 2644 discerno
693 2598 797 2643 meum
865 2581 958 2643 trium
982 2580 1129 2643 fibrarum
1152 2580 1284 2657 corium;

329 2670 429 2748 Solve,
454 2674 547 2747 sutor,
570 2668 783 2749 marsuppium
790 2690 797 2746 ;
865 2668 976 2732 audisti
1003 2669 1090 2731 fixim
1114 2671 1296 2731 numerum‘.

330 2759 434 2834 Quam
459 2776 634 2821 mensuram
658 2758 834 2821 commercii
896 2758 1013 2839 profert
1034 2775 1143 2821 sensus
1165 2756 1341 2838 presbyteri,

281 2866 317 2911 no
332 2848 425 2913 Sutor
447 2846 610 2911 subinfert:
634 2846 770 2925 ,Stultior
837 2864 901 2910 non
925 2847 1024 2910 estin
1047 2850 1126 2909 terra
1148 2846 1297 2910 venditor.

332 2938 379 3001 De
403 2954 465 3017 qua
487 2936 548 3000 sint
571 2936 602 2997 hi
626 2936 793 3017 provincia,
861 2935 964 2999 dicant
984 2939 1045 2998 tres
1068 2935 1099 2997 in
1123 2935 1291 3016 praesentia

331 3026 394 3101 Qui
419 3030 527 3107 putant
549 3025 646 3089 boum
669 3028 791 3104 tergora
858 3024 1033 3087 divitiarum
1058 3025 1198 3087 maxima.

332 3116 446 3179 Decem
463 3132 666 3177 nummorum
682 3114 802 3177 corium
863 3114 903 3175 ad
919 3131 1066 3192 magnum
1086 3113 1187 3176 levant
1202 3112 1341 3193 pretium.

331 3204 432 3267 Nudis
455 3204 566 3285 plantis
589 3202 727 3279 incedite,
796 3201 889 3281 hujus
911 3201 1014 3264 coloni
1037 3202 1168 3281 patriae‘.

282 3310 318 3355 ns
331 3294 468 3356 Alternat
490 3310 528 3355 ex
550 3292 729 3371 obprobriis
796 3294 924 3369 utraque
947 3308 1018 3369 pars
1039 3290 1099 3353 sub
1121 3285 1238 3371 iurgiis,

330 3381 476 3445 Sutorum
501 3380 699 3459 congegratio
768 3379 843 3441 irato
867 3378 973 3441 crescit
994 3378 1108 3442 animo.

331 3471 497 3533 Ducuntur
519 3488 537 3531 a
560 3468 727 3545 lictoribus,
796 3471 1026 3547 praesentantur
1046 3467 1209 3546 judicibus,

329 3558 515 3623 Venduntur
538 3556 737 3634 exactoribus,
806 3556 1014 3636 corripiuntur
1036 3556 1165 3635 legibus.

331 3647 477 3717 Reddunt
499 3665 554 3727 per
576 3645 790 3709 vadimonium
859 3644 1094 3708 conventionem
1118 3650 1282 3725 tergorum,

279 3755 317 3800 rao
332 3736 437 3811 Quam
462 3738 633 3816 posuerunt
655 3734 687 3796 in
711 3733 781 3798 foro
852 3734 1007 3798 Unibovis
1030 3734 1168 3798 consilio.

331 3826 517 3890 Persolvunt
539 3824 618 3903 legis
639 3822 750 3901 debita,
819 3827 1011 3885 revertuntur
1032 3823 1071 3885 ad
1096 3823 1227 3903 propria,

332 3914 492 3977 Exhaustis
515 3913 547 3975 in
572 3912 758 3993 marsuppiis
826 3912 933 3976 otiosis
956 3912 987 3973 in
1011 3912 1178 3975 curriculis.

332 4002 487 4067 Denudati
512 4001 650 4083 pecunia,
717 4000 823 4063 armati
847 4005 908 4062 tres
931 4000 1080 4062 moestitia

173 4104 175 4175 t
332 4092 492 4156 Conantur
515 4091 684 4154 interficere
754 4088 932 4154 Unibovem
957 4087 1093 4149 meridie.

283 4197 320 4243 135
335 4181 413 4244 intra
436 4180 513 4245 coeli
537 4180 665 4243 tentoria
733 4196 796 4241 non
821 4180 893 4240 sunt
914 4175 1018 4237 audita
1039 4176 1116 4252 tatia,

173 4318 175 4367 p
237 4296 340 4351 Uiricb,
360 4300 499 4350 Lgtginfsche
512 4297 648 4343 Novellisfik
662 4298 701 4341 des
716 4294 863 4341 Mittelalters.
1185 4295 1200 4339 2
