3584 4884
702 460 947 516 -107-

283 630 417 694 docente
442 630 573 710 magisto
598 631 773 712 perciperet
805 631 906 712 [155²]
932 630 1073 712 Contigit
1094 635 1195 694 autem
1219 635 1289 712 post
1304 630 1360 694 hec

284 723 404 800 patrem
430 720 499 783 eius
521 720 606 783 febre
629 724 716 783 acuta
739 723 913 800 correptum
937 719 969 782 in
994 720 1105 783 lectum
1128 719 1277 796 decidere,
1305 720 1359 800 qui

232 825 271 872 aso
286 809 498 871 infirmitatem
533 826 567 872 se
600 808 729 872 evadere
759 826 823 871 non
855 826 947 889 posse
982 808 1166 888 intelligens,
1195 807 1292 871 tiliam
1322 827 1359 871 ex

285 901 469 962 testamento
498 898 640 960 omnium
672 898 826 961 bonorum
851 915 981 960 suorum
1012 897 1183 976 designavit
1205 896 1359 974 heredem,

287 987 397 1066 sicque
434 986 582 1072 ordinatis
617 987 710 1050 rebus
742 985 806 1049 suis
844 985 1008 1049 defunctus
1041 989 1093 1048 est
1146 985 1252 1048 Puella
1285 1003 1360 1050 vero

286 1075 456 1138 hereditate
493 1076 584 1156 patris
627 1076 721 1156 potita
762 1073 895 1138 firmavit
933 1076 965 1137 in
1003 1075 1122 1152 animo,
1168 1075 1288 1138 nullum
1326 1092 1360 1138 se

285 1168 482 1244 accepturam
513 1165 624 1241 virum,
655 1164 713 1227 nisi
743 1181 836 1243 quem
864 1164 924 1227 sibi
953 1168 982 1226 et
1008 1163 1155 1244 sapientia
1182 1168 1212 1227 et
1238 1164 1360 1244 generis

236 1271 272 1316 auo
286 1253 435 1316 nobilitas
457 1252 631 1333 adequaret
662 1253 832 1316 Veniebant
847 1259 948 1316 autem
964 1252 1003 1315 ad
1027 1271 1094 1315 eam
1116 1271 1210 1332 quam
1233 1253 1359 1334 plurimi

288 1341 445 1405 nobilium
469 1341 535 1420 tilii,
559 1360 612 1405 seu
635 1342 701 1405 eius
725 1341 952 1422 pulchritudine
975 1359 1030 1405 seu
1053 1341 1247 1405 facultatibus
1269 1342 1357 1423 oepti,

288 1431 496 1494 sollicitabant
511 1449 577 1493 eam
594 1430 633 1492 de
648 1430 803 1509 coniugio,
825 1431 989 1510 pulsabant
1004 1431 1155 1511 precibus,
1178 1431 1360 1494 muneribus

285 1520 488 1598 attrahebant,
501 1519 664 1583 offerentes
675 1519 802 1598 quidem
816 1519 918 1597 multa,
930 1519 985 1582 sed
998 1519 1131 1600 plurima
1142 1520 1359 1600 promittentes

286 1609 326 1672 nt
349 1609 410 1687 illa,
443 1613 478 1672 ut
499 1614 562 1672 erat
588 1608 747 1688 prudentis
769 1608 873 1685 animi,
905 1609 1025 1670 nullum
1050 1625 1199 1688 spernens
1221 1609 1360 1689 nullique

238 1716 274 1762 aa
287 1716 321 1762 se
343 1698 507 1778 denegans
530 1697 716 1777 precantium
740 1697 837 1760 cuivis
860 1698 908 1760 sui
932 1697 1170 1760 contubernium
1203 1697 1359 1774 offerebat,

288 1788 348 1850 sub
372 1787 425 1849 tali
449 1785 605 1849 dumtaxat
626 1785 812 1863 conditione,
836 1790 870 1848 ut
885 1786 985 1866 prima
1001 1791 1090 1850 nocte
1105 1791 1227 1850 centum
1243 1786 1358 1866 argenti

290 1894 408 1938 marcas
424 1875 563 1951 solveret,
587 1893 622 1937 ea
637 1880 729 1955 prout
744 1875 834 1938 vellet
849 1876 977 1955 eiusque
992 1876 1186 1955 amplexibus
1200 1875 1359 1952 frueretur,

287 1983 323 2027 ac
357 1964 474 2028 deinde
509 1982 598 2026 mane
633 1965 723 2041 lacto,
759 1965 785 2028 si
815 1965 889 2027 alter
919 1965 1003 2027 alteri
1034 1965 1248 2045 complaceret,
1287 1969 1360 2027 tunc

288 2052 530 2133 sollempniores
552 2071 655 2115 coram
679 2053 785 2116 amicis
808 2054 930 2134 nuptias
953 2054 1147 2117 celebrarent.
1179 2054 1246 2116 liae
1268 2053 1361 2132 igitur

239 2159 275 2203 uo
288 2141 471 2204 conditione
508 2141 610 2205 audita
647 2143 811 2206 veniebant
852 2143 939 2205 multi
975 2143 1117 2219 iuvenes,
1161 2143 1360 2222 provectioris

288 2248 419 2310 quoque
449 2231 533 2293 etatis
562 2231 628 2308 viri,
663 2249 827 2294 numerum
852 2236 881 2294 et
904 2231 1030 2313 pondus
1052 2249 1224 2293 marcarum
1248 2231 1359 2311 virgini

289 2319 466 2383 offerentes.
513 2319 572 2384 Sed
603 2320 690 2383 vacui
721 2325 782 2382 lam
813 2321 853 2383 ab
883 2321 950 2383 eius
978 2320 1187 2400 amplexibus,
1218 2338 1311 2399 quam
1342 2338 1361 2381 a

289 2409 423 2489 pecunia
447 2408 635 2472 recedebant.
683 2410 885 2472 incantaverat
908 2414 937 2472 et
966 2409 1049 2472 enim
1080 2409 1132 2472 illa
1161 2409 1279 2489 magica
1305 2427 1361 2472 sua

289 2503 352 2562 arte
388 2502 540 2562 nocturne
574 2499 676 2578 strigis
711 2517 858 2579 pennam,
897 2517 992 2578 quam
1026 2517 1097 2562 cum
1132 2499 1221 2578 capiti
1255 2517 1359 2562 secum

238 2603 275 2648 ros
290 2587 419 2650 iacentis
441 2587 661 2668 supposuisset,
692 2588 791 2650 statim
815 2587 866 2651 ille
888 2606 1003 2652 somno
1032 2592 1176 2668 gravatus
1199 2605 1298 2666 usque
1320 2587 1359 2649 ad

288 2677 351 2739 diei
376 2677 534 2755 sequentis
555 2694 707 2755 auroram,
739 2677 786 2740 vel
811 2695 977 2756 quousque
1000 2677 1051 2739 illa
1077 2694 1210 2758 pennam
1234 2677 1359 2753 tolleret,

287 2765 464 2829 immobilis
486 2766 690 2845 permanebat.
725 2765 836 2845 Sicque
860 2766 911 2828 illa
927 2765 1041 2828 multos
1062 2766 1199 2846 spolians
1223 2765 1360 2844 pecuniis

288 2854 447 2916 inlinitum
478 2853 537 2916 sibi
568 2855 765 2934 congregavit
794 2855 982 2932 thesaurum,
1012 2861 1041 2917 et
1061 2855 1193 2918 aliorum
1217 2854 1361 2934 dampnis

288 2943 412 3005 lucrum
437 2960 528 3004 suum
551 2943 765 3022 augmentavit.

238 3048 275 3093 uo
382 3031 463 3094 lnter
496 3049 552 3094 eos
583 3036 693 3109 autem,
729 3031 782 3112 qui
817 3032 856 3094 ad
892 3032 953 3096 hoc
984 3031 1082 3112 puteal
1114 3049 1186 3095 suas
1215 3032 1360 3112 pecunias

289 3120 473 3197 offerebant,
504 3119 623 3183 iuvenis
654 3120 769 3184 nobilis
797 3121 923 3202 quidem
952 3122 1031 3198 satis,
1062 3120 1116 3183 sed
1142 3121 1245 3184 minus
1268 3121 1361 3184 lacul-

289 3209 404 3272 tatibus
443 3209 579 3290 pollens,
622 3214 744 3272 centum
784 3229 900 3273 marcas
943 3227 1036 3289 super
1073 3211 1269 3290 possessione
1305 3228 1362 3274 sua

290 3302 445 3360 mutuatas
474 3298 585 3378 virgini
616 3299 676 3361 sub
708 3299 760 3361 illa
790 3300 967 3362 conditione
997 3300 1115 3362 obtulit
1162 3298 1287 3373 Quibus
1311 3299 1361 3361 illa

290 3387 442 3466 susceptis
464 3387 515 3450 die
536 3387 587 3449 illa
602 3405 672 3450 cum
690 3388 800 3450 iuvene
824 3388 955 3450 multum
979 3387 1039 3450 cibi
1055 3392 1084 3450 et
1098 3388 1162 3450 vini
1178 3387 1236 3450 sibi
1255 3385 1358 3468 [tSSb]

238 3492 276 3536 us
291 3475 460 3555 indulgens
483 3495 615 3556 seroque
646 3477 677 3538 in
709 3477 819 3539 lectum
852 3477 985 3538 molliter
1014 3481 1139 3539 stratum
1168 3477 1243 3539 nudi
1267 3478 1361 3540 ambo

292 3564 407 3644 pariter
429 3582 462 3627 se
485 3565 643 3644 collocant,
667 3583 768 3646 penna
796 3564 847 3626 illa
870 3565 972 3644 strigis
995 3567 1080 3645 prius
1103 3566 1222 3628 iuvenis
1245 3584 1361 3647 suppo

292 3653 349 3716 sita
373 3653 521 3717 cervicali.
566 3654 728 3718 Necdum
752 3657 853 3716 autem
879 3653 929 3716 ille
952 3655 1091 3717 membra
1114 3655 1199 3732 lecto,
1222 3656 1361 3718 cervicali

291 3746 384 3822 caput
414 3747 577 3822 aptaverat,
612 3762 682 3806 cum
715 3743 781 3824 ipse
816 3743 1019 3806 obdormiens
1049 3761 1148 3822 usque
1181 3744 1220 3805 ad
1252 3744 1361 3807 horam

291 3831 354 3893 diei
388 3831 519 3911 primam
542 3831 670 3910 virginis
700 3850 803 3895 secum
828 3832 1010 3896 dormientis
1038 3832 1153 3895 oblitus
1175 3838 1227 3896 est
1274 3834 1362 3897 Tunc

239 3920 378 3984 menim
416 3919 466 3982 illa
500 3937 630 3999 surgens
664 3939 796 4001 pennam
828 3922 964 3998 abstulit,
1003 3921 1154 4001 illumque
1185 3922 1360 4000 evigilatum

292 4009 460 4072 confusum
484 4008 573 4071 mittit
594 4009 633 4072 ad
658 4011 789 4090 propria.
820 4011 935 4074 Verum
953 4010 1072 4073 iuvenis
1087 4028 1120 4073 se
1136 4028 1202 4072 esse
1217 4011 1360 4073 delusum

292 4097 413 4174 dolens,
444 4097 621 4177 aquodam
653 4117 742 4162 servo
770 4099 871 4177 divite,
903 4100 951 4162 cui
982 4099 1141 4179 quondam
1173 4099 1238 4177 ipse
1269 4099 1362 4162 iratus

292 4187 405 4267 pedem
429 4185 591 4265 abciderat,
614 4192 734 4250 centum
759 4188 876 4268 argenti
896 4205 1011 4250 marcas
1027 4187 1085 4250 sibi
1111 4186 1241 4248 mutuari
1266 4191 1361 4266 rogat,
