3584 4884
731 434 951 491 „93-

301 607 408 685 ignem
434 606 596 686 copiosum
621 606 704 667 etin
728 606 830 684 ignem
863 605 999 685 proiecit
1046 605 1130 667 Dum
1154 623 1229 668 vero
1253 604 1373 684 ipsein

237 695 512 758 1010conburendo
536 701 621 772 esset,
646 694 775 774 peruigil
796 693 835 755 ad
852 694 1008 773 quandam
1032 693 1209 756 distanciam
1234 693 1374 773 perrexit,

302 788 337 845 ut
371 788 527 846 venterem
564 801 655 845 suum
691 788 841 862 purgaret.
897 783 982 845 Dum
1016 800 1091 845 vero
1122 781 1173 844 ille
1201 782 1309 846 luisset
1342 781 1373 842 in

301 872 448 938 iaciendo
484 890 564 952 opus
599 875 717 948 nature,
755 872 838 934 venit
871 872 998 951 quidam
1033 871 1121 933 miles
1154 871 1185 932 in
1218 888 1301 950 equo
1335 869 1375 932 de

302 961 488 1040 longinquis
511 961 648 1041 partibus
671 979 726 1040 per
748 961 829 1022 uiam
854 960 937 1022 illam
961 977 1068 1022 versus
1090 959 1249 1039 quoddam
1273 963 1375 1022 torne-

302 1055 473 1128 amentum,
509 1049 595 1130 quod
630 1049 762 1112 debebat
799 1049 865 1111 fieri
905 1049 1033 1111 crastina
1070 1048 1122 1110 die
1159 1048 1236 1110 hora
1268 1049 1375 1128 prima.

240 1156 294 1201 rma
304 1140 397 1202 Miles
420 1156 504 1215 vero,
528 1157 597 1200 cum
615 1138 746 1217 frigidus
761 1143 845 1214 esset,
868 1138 908 1200 ad
928 1138 1031 1217 ignem
1056 1138 1194 1218 perrexit,
1218 1137 1376 1200 descendit

304 1233 332 1290 et
356 1228 552 1290 calefaciebat
574 1245 615 1290 se.
646 1227 727 1289 Cum
752 1227 796 1290 sic
810 1227 849 1288 ad
866 1227 969 1306 ignem
994 1231 1091 1304 staret,
1115 1227 1246 1308 peruigil
1270 1243 1376 1289 versus

304 1317 411 1396 ignem
436 1316 520 1378 venit
542 1320 571 1377 et
593 1316 645 1377 ait:
680 1316 809 1390 „Qualis
832 1333 864 1378 es
887 1321 928 1393 tu,
957 1316 1010 1396 qui
1035 1316 1077 1378 ibi
1101 1317 1202 1379 stas?¹¹
1251 1315 1290 1378 Αἱ
1312 1315 1375 1376 ille:

307 1405 422 1470 „Miles
445 1423 514 1467 sum
543 1404 582 1466 de
611 1405 708 1467 nobili
736 1419 876 1484 genere.a
925 1405 965 1467 nt
987 1405 1050 1468 ille:
1085 1406 1177 1469 „Non
1206 1404 1294 1466 miles
1320 1403 1374 1466 sed

304 1494 475 1575 dyabolus!
512 1493 618 1556 Primo
642 1494 673 1554 in
696 1511 807 1574 aquam
830 1499 859 1556 te
875 1493 1003 1574 proieci;
1026 1493 1165 1556 secundo
1180 1511 1250 1555 cum
1266 1491 1376 1572 grandi

243 1582 424 1663 1oolapide;
455 1583 549 1645 tercio
578 1583 609 1644 in
634 1583 736 1661 ignem
761 1583 852 1644 istum
880 1582 920 1644 ad
944 1582 1192 1645 comburendum
1222 1587 1251 1643 te
1274 1581 1375 1660 posui.

306 1673 343 1734 Et
366 1672 471 1734 adhuc
494 1672 544 1733 hic
566 1676 625 1734 stas
649 1690 717 1734 cum
743 1686 853 1750 equo.u
902 1671 1026 1751 Accepit
1049 1671 1174 1733 militem
1199 1689 1269 1733 cum
1294 1688 1376 1750 equo

304 1766 334 1824 et
366 1761 398 1822 in
434 1761 537 1839 ignem
571 1759 705 1840 proiecit.
752 1760 875 1822 Deinde
907 1760 945 1822 ad
978 1761 1108 1822 domum
1141 1759 1257 1822 sororis
1288 1759 1378 1822 rediit

304 1849 563 1927 denunciansque
593 1849 629 1926 ei,
661 1849 831 1928 quomodo,
863 1854 1026 1930 postquam
1057 1867 1128 1911 eum
1159 1848 1377 1925 combusserat,

306 1957 379 2000 eum
405 1942 533 2000 stantem
558 1956 627 2000 cum
652 1956 734 2017 equo
758 1939 883 2016 inuenit,
907 1943 936 2000 et
957 1939 1009 2000 ait:
1037 1939 1179 2018 „Equum
1196 1956 1266 2000 cum
1283 1937 1378 1998 milite

245 2043 299 2089 1025
308 2027 417 2089 iterato
441 2026 472 2087 in
496 2026 599 2106 ignem
617 2027 739 2107 proieci.
776 2028 836 2089 lam
854 2027 985 2108 propina
1001 2027 1093 2089 michi
1110 2027 1149 2088 de
1165 2028 1251 2089 bono
1266 2026 1374 2088 vinot‘¹

307 2115 414 2193 Soror,
447 2134 517 2178 cum
542 2117 602 2178 hoc
624 2115 765 2193 audisset,
797 2116 954 2196 cogitauit:
990 2115 1062 2181 „llle
1090 2116 1178 2177 miles
1201 2133 1271 2177 cum
1295 2132 1378 2193 equo

308 2209 354 2268 est
368 2205 497 2284 quidam
514 2206 609 2282 miles,
631 2205 684 2284 qui
700 2205 738 2266 ad
755 2209 999 2268 torneamentum
1016 2205 1066 2267 die
1082 2205 1210 2267 crastina
1224 2207 1375 2266 veneratl

308 2294 417 2357 Statim
441 2294 571 2356 surrexit
593 2298 622 2356 et
644 2296 750 2356 vinum
782 2294 808 2356 ei
841 2294 1026 2374 propinabit.
1074 2294 1126 2356 llle
1149 2311 1223 2355 vero
1246 2292 1312 2354 vale
1335 2292 1379 2354 eis

308 2384 422 2445 fecerat
436 2387 466 2445 et
481 2383 610 2445 recessit
649 2383 721 2446 Non
739 2383 869 2445 multum
894 2386 965 2463 post
986 2383 1101 2461 accidit,
1125 2382 1285 2445 contencio
1302 2382 1379 2442 inter

248 2473 438 2534 rueomilitem
471 2475 499 2533 et
531 2472 590 2547 (BL
617 2472 722 2551 rosv.)
753 2490 878 2534 vxorem
910 2489 1011 2549 suam,
1047 2473 1086 2534 ita
1117 2471 1202 2551 quod
1234 2471 1321 2532 miles
1351 2469 1378 2531 ei

308 2561 429 2640 alapam
454 2560 546 2622 dedit
594 2561 646 2622 llla
669 2561 825 2640 indignata
848 2579 884 2624 ex
913 2562 973 2623 hoc
994 2563 1036 2623 ait
1058 2579 1159 2623 coram
1185 2559 1300 2621 multis:
1327 2557 1378 2622 »Ο

309 2650 413 2724 miser,
438 2649 591 2728 numquid
608 2649 653 2713 vis
670 2669 719 2712 me
740 2649 878 2712 occidere
894 2650 972 2712 sicut
988 2651 1045 2711 ‚lll.
1062 2649 1173 2711 milites
1188 2646 1380 2728 imperatoris

309 2738 491 2802 occidisti?u
542 2739 694 2802 Homines
725 2739 781 2801 hec
810 2737 969 2801 audientes
999 2738 1153 2819 [dixerunt
1179 2735 1378 2817 imperatori].

309 2827 417 2890 Statim
441 2829 535 2890 ambo
559 2829 635 2908 capti
659 2833 731 2890 sunt
752 2831 781 2890 et
804 2845 907 2890 coram
932 2827 1114 2907 imperatore
1136 2825 1228 2888 ducti.
1267 2825 1381 2887 Mulier

248 2932 416 2978 roucoram
442 2917 590 2978 omnibus
612 2917 751 2979 confessa
774 2921 818 2978 est
840 2915 927 2996 quod
956 2917 1081 2979 maritus
1104 2916 1170 2978 eius
1193 2933 1247 2977 eos
1270 2913 1381 2977 occidit

309 3009 339 3067 et
363 3003 468 3067 .CCC.
491 3005 629 3068 florenos
651 3005 690 3067 ab
714 3006 758 3068 eis
781 3005 912 3068 abstulit.
955 3006 1086 3067 Veritate
1109 3009 1264 3084 comperta
1286 3002 1380 3064 ambo

309 3094 395 3156 tracti
420 3093 552 3155 suntad
583 3093 694 3156 caudas
722 3095 792 3172 equi
817 3097 846 3156 et
873 3097 979 3173 postea
1002 3095 1033 3155 in
1065 3094 1202 3174 patibulo
1230 3091 1380 3171 suspensi.

433 3287 568 3368 Septima
592 3288 729 3350 narracio
752 3288 872 3368 septimi
897 3289 1033 3368 magistri
1058 3289 1117 3367 (Βί.
1145 3288 1260 3367 16911).

786 3407 905 3478 [Vidua]

403 3535 540 3609 Quidam
577 3535 664 3598 miles
697 3540 766 3614 erat,
802 3537 855 3616 qui
890 3556 1016 3600 vxorem
1050 3537 1208 3617 pulchram
1243 3537 1381 3616 habebat,

310 3644 408 3706 quam
439 3625 517 3687 miro
549 3625 645 3688 modo
669 3625 781 3702 dilexit,
814 3627 844 3686 in
875 3629 992 3687 tantum
1022 3625 1107 3705 quod
1139 3626 1297 3705 presencia
1326 3644 1383 3689 sua

249 3733 301 3778 ruo
310 3716 401 3777 bono
425 3714 521 3776 modo
544 3731 645 3776 carere
669 3732 733 3776 non
758 3715 864 3794 potuit.
910 3715 1028 3776 Accidit
1055 3715 1149 3777 semel
1173 3715 1259 3794 quod
1288 3716 1382 3778 ambo

310 3821 385 3866 cum
409 3802 519 3864 taxillis
543 3803 697 3865 ludebant.
747 3804 836 3866 Miles
863 3821 880 3864 a
904 3821 974 3866 casu
1005 3803 1160 3866 cultellum
1192 3823 1321 3884 parvum
1350 3805 1382 3865 in

312 3909 408 3954 manu
444 3891 575 3966 tenebat;
615 3891 666 3953 illa
699 3911 781 3969 vero,
820 3893 898 3954 sicut
931 3892 1062 3970 ludebat,
1102 3912 1227 3956 manum
1261 3893 1383 3956 cultello

311 3979 462 4061 opposuit
478 3985 506 4042 et
521 3981 647 4060 sanguis
671 3981 702 4042 in
727 3981 848 4044 modica
871 3982 1035 4060 quantitate
1051 3981 1152 4045 exiuil.
1189 3982 1287 4058 Miles,
1311 3999 1381 4043 cum

312 4069 498 4147 sanguinem
522 4069 610 4149 digiti
635 4071 739 4132 vxoris
763 4071 823 4148 (Βὶ.
846 4070 948 4147 lior.)
973 4070 1106 4146 vidisset,
1131 4071 1217 4150 quasi
1238 4070 1384 4148 incapite

249 4175 303 4222 rom
313 4175 482 4238 percussus
515 4159 553 4220 ad
593 4163 703 4222 terram
739 4159 854 4221 cecidit.
911 4159 997 4220 onr
1034 4177 1145 4238 aquam
1183 4176 1277 4236 super
1310 4175 1382 4218 eum
