3584 4884
814 424 1057 483 -168-

404 597 536 660 nutritus
566 597 663 659 tuerat
693 598 724 659 in
755 598 876 661 abbatia
904 602 933 660 et
963 614 1122 678 uunquam
1152 597 1269 660 viderat
1298 598 1470 661 mulierem.

404 685 487 749 Cum
525 685 658 766 quadam
697 686 748 749 die
786 687 934 766 equitaret
970 704 1040 749 cum
1079 686 1199 765 abbate,
1237 687 1347 749 accidit
1383 686 1470 767 quod

404 774 605 855 ditierlrlatus
627 779 674 838 est
695 794 795 855 equus
818 776 885 855 ejus
908 780 949 851 et,
984 794 1054 839 cum
1079 776 1164 838 taber
1182 774 1325 839 ¹calidum
1354 776 1470 838 ferrum

349 881 392 927 sae
406 864 581 944 projecisset
611 863 642 925 in
672 868 758 942 terra,
793 865 965 927 monachus
994 864 1109 927 terrum
1140 864 1273 927 calidum
1305 865 1412 945 accipit
1442 869 1472 927 et

405 953 526 1015 nullum
550 953 682 1015 calorem
706 952 738 1015 in
762 970 855 1015 manu
878 953 980 1031 sensit,
1010 958 1040 1015 et
1063 952 1188 1015 miratus
1210 958 1255 1016 est
1277 953 1372 1016 abbas
1395 954 1470 1033 ejus

404 1040 486 1104 Cum
518 1046 619 1104 autern
651 1046 741 1105 nocte
772 1042 804 1103 in
834 1041 932 1104 domo
966 1042 1148 1105 secularium
1184 1040 1326 1121 hospitati
1361 1046 1470 1120 essent,

404 1130 516 1193 mulier
538 1131 659 1193 tenebat
681 1131 843 1210 parvulum
867 1135 897 1194 et
919 1130 1046 1193 miratus
1061 1130 1232 1194 monachus
1247 1131 1378 1209 quesivit
1393 1131 1469 1210 quid

404 1222 490 1282 esset
524 1218 585 1281 Cui
602 1219 724 1282 mulier:
752 1218 900 1285 „Anicula
915 1224 960 1283 est
981 1237 1074 1299 quarn
1098 1237 1158 1299 ego
1181 1224 1210 1282 et
1233 1220 1359 1283 maritus
1382 1238 1470 1283 meus

349 1307 561 1371 proiecimus·
588 1307 648 1371 Cui
672 1309 857 1371 monachus:
884 1308 1000 1373 „Valde
1024 1308 1151 1388 pulchra
1173 1312 1218 1371 est
1240 1308 1359 1371 anicula
1383 1308 1466 1371 ista«

405 1395 466 1460 Cui
490 1396 612 1459 mulier:
639 1396 712 1461 „Vis
732 1415 792 1476 ego
815 1401 845 1459 et
866 1402 899 1458 tu
923 1397 1012 1459 talem
1036 1397 1183 1459 iaciamus
1204 1397 1398 1459 aniculamie
1435 1398 1472 1459 Et
1540 1424 1542 1427 ·

403 1486 576 1548 monachus
606 1486 745 1549 nesciens
774 1484 860 1565 quod
890 1490 969 1549 esset
999 1491 1154 1566 peccatum
1178 1486 1231 1547 ait:
1258 1486 1385 1551 „Volua
1435 1486 1472 1548 Et

404 1575 571 1637 concubuit
592 1592 663 1637 cum
687 1575 745 1651 illa,
769 1575 929 1654 ignorante
951 1575 1068 1638 abbate.
1108 1574 1189 1638 Cum
1212 1579 1312 1637 autem
1337 1574 1472 1637 redirent

403 1668 434 1725 et
460 1664 569 1727 iterum
600 1682 716 1744 equum
746 1662 937 1725 differratum
968 1664 1080 1727 terrare
1110 1664 1231 1740 vellent,
1261 1663 1337 1725 dixit
1365 1664 1470 1727 abbas

350 1769 392 1815 seo
411 1752 495 1831 'fili
532 1753 635 1833 accipe
657 1752 802 1815 terrum.⁴⁴
858 1753 894 1814 Et
928 1770 998 1815 cum
1033 1752 1196 1833 accepisset
1232 1753 1392 1815 combusta
1426 1756 1471 1815 est

404 1858 516 1905 manus
550 1841 625 1921 eius.
670 1841 767 1916 Quod
803 1840 913 1904 videns
946 1842 1041 1904 abbas
1076 1841 1208 1921 quesivit
1240 1842 1280 1903 ab
1314 1860 1352 1904 eo
1383 1840 1470 1921 quod

404 1930 523 2010 egisset,
545 1936 576 1993 at
598 1931 649 1994 ille
663 1930 825 1994 confessus
839 1934 884 1993 est
905 1930 1067 2009 quomodo
1084 1947 1154 1992 cum
1172 1930 1299 1993 muliere
1322 1930 1469 2009 iacuisset,

404 2024 434 2081 et
456 2020 655 2099 postmodum
679 2020 775 2083 abbas
798 2020 921 2081 inclusit
943 2018 1062 2081 eumin
1086 2019 1218 2081 claustro
1242 2036 1299 2083 nec
1321 2018 1419 2081 voluit
1437 2023 1471 2082 ut

404 2107 444 2171 de
466 2112 567 2172 oetero
593 2108 740 2189 equitaret
762 2126 832 2171 cum
856 2126 895 2171 eo
920 2154 927 2170 .
952 2156 959 2170 .
983 2154 990 2170 .

767 2255 818 2312 29.
859 2249 914 2330 [=
938 2250 998 2312 Νο.
1023 2248 1107 2329 248.]

349 2390 391 2436 noo
495 2372 609 2436 Audivi
632 2372 673 2436 de
695 2373 829 2453 quadam
853 2374 933 2435 mala
955 2373 1083 2436 muliere
1106 2373 1155 2436 cui
1179 2374 1304 2437 maritus
1327 2373 1393 2452 ejus
1416 2391 1471 2453 per

404 2461 510 2524 omnia
532 2462 673 2524 credebat
704 2461 790 2541 quod
815 2480 885 2525 cum
910 2462 953 2524 ire
975 2462 1065 2525 vellet
1087 2462 1126 2525 ad
1156 2461 1328 2524 adulterum
1351 2462 1471 2525 dicebat

404 2549 472 2613 viro
491 2568 563 2613 suo:
590 2550 754 2614 „infirmus
769 2568 810 2628 es,
834 2550 912 2612 intra
935 2551 966 2612 in
991 2551 1100 2613 lectum
1118 2568 1221 2614 meum
1245 2555 1275 2613 et
1297 2550 1422 2615 sudabis
1442 2555 1471 2613 et

403 2638 475 2702 vide
510 2656 549 2701 ne
585 2656 695 2719 surgas
728 2638 829 2703 donec
859 2639 968 2703 dixero
1002 2639 1086 2702 tibia
1134 2640 1222 2702 Tune
1256 2640 1306 2701 illa
1342 2640 1470 2702 firmans

404 2728 517 2793 ostium
541 2746 660 2791 oemere
675 2732 705 2791 et
718 2728 833 2792 clavem
850 2746 955 2792 secum
977 2732 1102 2809 portans
1118 2728 1181 2791 ibat
1202 2732 1231 2791 et
1254 2746 1317 2791 non
1342 2733 1469 2791 reverte-

349 2835 391 2882 eue
405 2818 495 2882 batur
510 2835 609 2897 usque
623 2818 661 2880 ad
678 2836 850 2899 vesperum.
880 2818 932 2881 llle
947 2835 1021 2880 vero
1037 2818 1165 2880 credens
1180 2835 1213 2895 se
1228 2835 1295 2880 esse
1310 2817 1469 2879 infirmum

406 2926 470 2971 non
493 2908 627 2971 audebat
648 2907 688 2971 de
711 2908 789 2971 lecto
818 2924 945 2987 surgere
974 2906 1075 2971 donec
1105 2905 1215 2968 rediret
1247 2906 1314 2984 eius
1341 2923 1420 2969 uxor
1441 2910 1471 2968 et

404 2997 528 3060 diceret:
556 2996 689 3075 „Amice
712 3001 800 3077 potes
814 3014 948 3075 surgere,
972 2994 1063 3058 video
1079 2995 1161 3057 enim
1184 2994 1271 3074 quod
1294 2999 1414 3057 curatus
1436 3012 1470 3057 es

404 3087 444 3149 ab
460 3086 662 3149 infirmitate.a
694 3085 838 3159 Quadam
854 3090 954 3147 autem
975 3084 1033 3161 die,
1050 3102 1121 3147 cum
1137 3084 1187 3147 illa
1202 3083 1316 3146 diceret
1329 3083 1469 3147 adultero

404 3174 491 3255 quod
507 3173 647 3254 diligeret
663 3193 736 3238 eum
753 3175 823 3255 plus
839 3192 931 3253 quam
949 3173 1090 3235 maritum
1107 3190 1208 3249 suum,
1231 3172 1282 3235 ille
1298 3172 1468 3253 respondit:

349 3281 391 3328 osu
409 3265 461 3328 „ln
486 3264 546 3327 hoc
568 3264 709 3343 probabo
732 3264 818 3343 quod
841 3281 948 3325 verum
972 3266 1017 3325 est
1043 3262 1129 3341 quod
1153 3261 1237 3339 dicis,
1260 3262 1286 3324 si
1310 3260 1469 3325 meliorem

404 3352 527 3415 dentem
556 3370 649 3431 quem
681 3352 773 3415 habet
802 3352 928 3414 maritus
957 3356 1029 3414 tuus
1058 3351 1180 3413 dederis
1210 3350 1312 3412 mihi.”
1358 3350 1470 3412 Atilia

403 3440 442 3503 ad
467 3440 607 3503 maritum
632 3458 752 3503 reversa
774 3441 854 3521 cepit
876 3442 997 3520 plorare
1020 3444 1049 3503 et
1064 3439 1217 3503 tristiciam
1233 3438 1385 3502 simulare.
1409 3438 1469 3501 Cui

404 3528 530 3591 maritus
552 3529 605 3591 ait:
632 3528 738 3603 „Quid
762 3530 879 3591 habes?
926 3529 1030 3603 Quare
1055 3528 1182 3609 luges?t
1230 3527 1270 3590 At
1292 3528 1355 3589 illa:
1379 3528 1469 3590 “Non

403 3617 503 3679 audeo
526 3616 654 3680 diceret¹
706 3617 833 3694 „Volqt
859 3617 967 3697 inquit,
994 3622 1046 3683 „ut
1067 3617 1151 3681 dicas
1171 3616 1277 3679 mihis
1326 3616 1470 3696 Cumque

349 3722 391 3770 oso
406 3705 457 3768 ille
479 3705 609 3767 multum
631 3706 761 3782 instaret,
784 3704 907 3768 tandem
921 3706 971 3769 illa
986 3706 1073 3769 dixit:
1099 3707 1234 3772 „Tantus
1256 3704 1335 3769 tetor
1357 3724 1394 3767 ex
1416 3722 1471 3767 ore

403 3798 458 3858 tuo
488 3793 626 3874 procedit
656 3794 742 3873 quod
764 3794 825 3873 jam
849 3812 915 3857 non
940 3812 1066 3874 possum
1090 3794 1266 3859 sustineret
1321 3794 1373 3857 llle
1395 3812 1469 3857 vero

403 3883 569 3946 ammirans
585 3887 614 3945 et
628 3882 739 3946 dolens
754 3882 807 3944 ait:
832 3882 956 3956 “Quare
979 3896 1042 3945 non
1062 3882 1181 3945 dixeras
1197 3883 1281 3961 mihi,
1306 3900 1469 3964 possemne

403 3970 519 4053 aliquid
543 3971 713 4034 remedium
736 3970 927 4034 adhibere?¹¹
977 3970 1037 4034 Cui
1053 3970 1176 4033 mulier:
1203 3974 1295 4037 „Non
1319 3976 1365 4035 est
1385 3970 1469 4034 aliud

404 4060 574 4125 remedium
598 4060 657 4123 nisi
681 4065 714 4124 ut
736 4060 826 4123 tacias
849 4060 964 4122 extrahi
987 4059 1109 4122 dentem
1132 4059 1218 4121 illum
1234 4060 1274 4121 de
1290 4078 1354 4139 quo
1369 4064 1469 4123 tantus

351 4169 394 4215 mo
409 4150 489 4214 letor
511 4149 675 4231 procedite
725 4149 762 4210 lit
783 4148 823 4209 ita
844 4148 884 4209 ad
909 4148 1110 4210 hortationem
1135 4148 1240 4209 uxoris
1263 4148 1333 4210 fecit
1355 4148 1469 4211 extrahi
