3584 4884
843 436 1082 495 —174-

432 605 497 670 filia
526 625 605 685 mea,
640 626 679 671 ne
708 606 910 672 miserabilem
941 614 970 673 et
999 610 1202 691 turpissimam
1234 611 1324 675 vitam
1356 612 1491 693 imiteris,

432 696 506 776 quia
528 696 614 759 nullo
636 697 732 760 modo
756 715 862 777 posses
887 698 1016 762 evadere
1038 700 1185 763 cruciatus
1208 704 1354 764 eternus.a
1404 702 1492 766 Post·

433 784 562 849 modum
579 785 738 849 videbatur
752 786 795 849 illi
811 787 896 866 quod
913 787 1073 851 duceretur
1087 789 1125 851 ad
1142 789 1243 851 locum
1259 791 1490 855 amenissimum

433 879 462 938 et
494 874 681 955 gloriosum,
720 875 774 939 ubi
809 876 840 939 in
874 876 1031 940 consortio
1064 881 1236 941 sanctorum
1271 883 1299 941 et
1333 879 1490 943 honorum

379 962 597 1045 suspiriorum
643 964 766 1029 videbat
810 969 924 1046 patrem
982 982 1072 1029 suurn
1125 966 1190 1029 sole
1241 967 1490 1048 splendidiorem,

433 1052 532 1133 gloria
553 1057 584 1117 et
605 1053 724 1117 honore
746 1058 936 1117 coronatum.
972 1053 1031 1119 Cui
1047 1055 1173 1135 angelus
1186 1055 1239 1119 ait:
1265 1056 1383 1135 „Cujus
1398 1058 1489 1121 vitam

432 1142 480 1205 vis
502 1142 610 1205 imitari
634 1143 727 1223 patris
749 1143 793 1206 tui
815 1148 867 1206 aut
889 1143 1032 1207 matris?u
1069 1143 1129 1207 Cui
1146 1144 1207 1206 illa:
1234 1145 1396 1224 „Domine
1418 1147 1490 1226 juro

432 1231 530 1309 vobis,
553 1232 698 1312 promitto
718 1231 804 1312 quod
828 1250 987 1313 nunquam
1003 1233 1113 1319 'matris
1136 1252 1202 1297 mee
1225 1234 1315 1296 vitam
1339 1235 1489 1315 imitabor,

431 1320 486 1384 sed
509 1321 652 1401 exemplo
675 1320 767 1401 patris
790 1322 849 1384 mei
867 1322 1077 1403 impenitentis
1099 1326 1128 1385 et
1150 1322 1253 1385 labore
1275 1323 1365 1385 vitam
1390 1342 1488 1387 meam

378 1426 419 1473 rm
434 1410 507 1473 volo
536 1425 747 1473 consumare!
804 1411 896 1474 Mane
925 1414 1025 1473 autem
1059 1410 1149 1489 iacto,
1183 1411 1330 1491 quicquid
1359 1412 1491 1477 habebat

433 1498 621 1581 pauperibus
642 1498 785 1579 erogavit,
808 1504 837 1563 et
859 1500 1039 1563 artissimam
1062 1499 1152 1563 vitam
1168 1500 1283 1563 ducens
1298 1501 1328 1563 in
1345 1502 1491 1581 spelunca

432 1606 466 1653 se
488 1588 617 1653 reclusit
653 1588 701 1652 De
724 1588 783 1652 hiis
805 1606 880 1669 ergo
904 1588 1078 1669 parentibus
1100 1588 1153 1668 qui
1176 1590 1343 1652 secundum
1367 1609 1489 1654 oernem

433 1678 516 1743 lilios
537 1695 613 1741 suos
634 1676 768 1758 diligunt
781 1682 811 1740 et
828 1678 867 1740 de
889 1677 1050 1742 animabus
1073 1695 1139 1743 non
1160 1682 1271 1756 curant,
1294 1678 1348 1741 sed
1372 1680 1488 1743 malurn

431 1768 607 1849 exemplum
622 1767 666 1831 eis
688 1767 823 1849 prebent,
845 1767 887 1831 ait
904 1767 1070 1831 Dominus:
1096 1765 1179 1840 „Qui
1199 1784 1262 1830 non
1286 1768 1351 1831 odit
1373 1772 1489 1847 patrem

378 1873 419 1920 mo
433 1862 463 1921 et
486 1862 611 1921 matrem
635 1860 760 1938 propter
782 1874 832 1919 me
854 1874 918 1919 non
942 1860 986 1919 est
1009 1874 1057 1919 me
1080 1855 1220 1935 dignus„u

791 2075 843 2134 ³⁷.
883 2070 936 2149 [=
961 2070 1021 2133 Νο.
1046 2069 1130 2149 296.]

521 2212 570 2276 De
592 2212 729 2293 quodam
751 2212 813 2275 alio
834 2211 938 2275 audivi
962 2210 1024 2291 qui,
1047 2210 1161 2273 cunctis
1183 2228 1244 2290 que
1267 2210 1396 2275 habebat
1417 2232 1487 2275 curn

430 2300 528 2365 deciis
549 2301 678 2378 amissis,
700 2302 814 2381 ceperit
827 2301 988 2381 desperare
1004 2303 1032 2362 et
1047 2299 1256 2380 blasphemare
1273 2299 1383 2377 Deum,
1398 2306 1490 2381 atque

431 2389 576 2453 invocare
598 2389 766 2470 dyabolum
772 2411 780 2467 ;
803 2394 916 2453 etcum
933 2388 1105 2453 accessisset
1125 2388 1164 2450 ad
1182 2388 1344 2467 quemdam
1359 2389 1488 2469 judeum

432 2495 589 2558 magnum,
613 2478 689 2541 dixit
710 2478 738 2541 ei
760 2477 884 2557 iudeus:
911 2478 1017 2557 „Nega
1044 2477 1201 2541 Christum
1223 2481 1253 2539 et
1274 2481 1398 2541 matrem
1422 2480 1489 2558 eJus

376 2584 417 2633 rao
430 2572 461 2631 et
482 2571 612 2643 anctos,
641 2572 751 2646 elego
774 2566 880 2629 laciam
912 2566 997 2645 quod
1027 2567 1116 2647 plura
1145 2565 1271 2629 habebis
1300 2584 1392 2645 quam
1419 2572 1488 2631 ante

429 2656 592 2721 hubuisti.¹¹
629 2655 693 2730 Qui
710 2655 880 2737 respondit:
907 2656 1029 2721 „Deum
1046 2660 1075 2719 et
1089 2659 1208 2719 sanctos
1231 2673 1341 2734 negare
1355 2673 1488 2735 possem,

428 2746 485 2811 sed
509 2745 677 2827 piissimam
700 2745 767 2825 ejus
796 2749 921 2807 matrem
951 2744 1037 2809 nullo
1068 2744 1164 2807 modo
1192 2756 1364 2823 negarem.u
1412 2744 1487 2818 Quo

428 2835 542 2911 audito,
571 2834 684 2916 judeus
711 2835 803 2898 iratus
829 2834 944 2915 expulit
971 2834 1081 2913 ipsum.
1127 2832 1208 2917 Cum
1231 2836 1330 2895 autem
1353 2834 1486 2913 quadam

429 2926 481 2991 die
506 2931 577 2989 ante
606 2924 781 3007 ymaginem
806 2924 895 2987 Beate
918 2922 1053 3002 Virginis
1074 2922 1234 2999 transisset,
1264 2940 1376 3005 ymago
1399 2924 1486 3001 quasi

374 3032 415 3081 ms
428 3015 541 3097 gratias
562 3015 698 3078 reterens
728 3013 771 3076 illi
799 3012 960 3089 inelinavit,
990 3016 1020 3075 et
1047 3012 1106 3074 hoc
1128 3010 1252 3090 quidam
1282 3010 1367 3073 dives
1390 3011 1486 3075 homo

427 3104 482 3185 qui
504 3108 569 3167 erat
590 3104 622 3167 in
644 3104 770 3168 ecclesia
791 3102 874 3165 vidit
920 3100 1001 3165 Cum
1024 3104 1124 3163 autem
1147 3100 1205 3162 alia
1227 3100 1291 3163 vice
1312 3104 1381 3162 ante
1402 3118 1486 3181 yma-

426 3194 531 3275 ginem
554 3194 692 3257 transiret
715 3193 822 3257 iterum
845 3208 958 3271 ymago
982 3190 1135 3253 inclinavit
1157 3189 1208 3265 illi,
1236 3188 1370 3269 predicto
1393 3188 1486 3252 divite

426 3284 488 3347 hoc
510 3280 640 3353 vidente,
663 3286 694 3345 et
715 3280 804 3344 valde
825 3280 1014 3357 ammirante,
1041 3283 1070 3341 et
1092 3283 1199 3341 vocato
1222 3278 1283 3355 illo,
1306 3277 1359 3357 qui
1383 3277 1486 3343 nudus

426 3376 497 3447 erat,
527 3376 558 3434 et
579 3370 666 3450 quasi
695 3369 831 3433 ribaldus
855 3368 1022 3446 incedebat,
1052 3368 1093 3430 ait
1120 3367 1174 3429 illi:
1209 3366 1299 3440 „Que
1329 3370 1401 3429 sunt
1429 3367 1486 3429 hec

372 3458 578 3524 rsomirabiiia
606 3458 693 3539 quod
723 3476 836 3539 ymago
866 3458 917 3521 illa
947 3458 995 3521 bis
1025 3456 1178 3520 inclinavit
1207 3456 1302 3518 libi?¹¹
1351 3454 1410 3519 Cui
1434 3455 1485 3518 ille

426 3548 596 3629 respondit:
623 3547 755 3613 ‚Nescio
778 3565 872 3626 quare
895 3548 957 3609 hoc
979 3546 1060 3623 lecit;
1084 3546 1234 3627 pessimus
1250 3544 1330 3606 enirn
1348 3548 1486 3623 peccator

424 3653 503 3713 sum,
526 3640 556 3699 et
577 3634 683 3699 omnia
702 3636 786 3699 bona
800 3640 924 3715 patema
940 3634 1096 3698 luxuriose
1110 3633 1243 3697 vivendo
1259 3636 1288 3695 el
1305 3651 1374 3695 curn
1390 3632 1485 3696 deciis

425 3722 562 3787 ludendo
583 3723 703 3787 amisi.⁴¹
752 3722 812 3787 Cui
836 3723 935 3786 dives:
969 3722 1161 3796 „Quomodo
1188 3725 1287 3803 potest
1315 3721 1374 3784 hoc
1396 3722 1484 3785 esse?

425 3812 520 3877 iecisti
550 3829 687 3891 unquam
719 3812 847 3891 aliquod
876 3812 1039 3874 servicium
1065 3808 1163 3874 Beate
1176 3811 1313 3875 lilarie?u
1360 3809 1399 3872 nt
1421 3810 1484 3873 ille:

370 3918 410 3967 rso
428 3901 513 3969 „Nec
542 3900 620 3978 Deo,
651 3918 708 3965 nec
736 3900 779 3963 illi
808 3899 947 3963 semivia
998 3900 1033 3961 Et
1063 3899 1184 3961 landem
1216 3898 1396 3976 recordatus,
1430 3898 1484 3961 ait:

426 3988 581 4065 »Quidam
617 3988 730 4068 iudeus
763 3988 861 4052 voluit
890 4006 940 4050 me
972 3987 1096 4050 divitem
1135 3988 1240 4065 tacere,
1280 3988 1305 4050 si
1341 4005 1483 4066 negarem

424 4080 544 4145 Beabm
568 4077 704 4153 Mariam,
735 4076 789 4141 sed
821 4076 914 4138 malui
946 4092 1062 4155 pauper
1092 4093 1248 4137 remanere
1278 4093 1370 4154 quam
1400 4075 1482 4137 illam

422 4182 561 4248 negare.⁴¹
611 4166 647 4229 Et
676 4164 764 4229 valde
793 4168 995 4242 compunctus
1025 4162 1111 4223 dives
1139 4162 1192 4223 ait:
1226 4164 1329 4227 „Bene
1356 4164 1496 4245 lecistis·
