3584 4884
696 456 939 516 -157-

225 644 267 689 155
281 634 399 691 emeret
420 629 541 709 pullum
565 631 678 711 galline
697 636 726 694 et
741 631 868 693 nutriret
890 630 930 693 ita
953 631 1038 711 quod
1063 630 1149 695 lieret
1170 631 1290 711 gallina,
1314 651 1351 694 ex

281 718 372 797 cujus
395 719 464 781 ovis
487 721 603 783 multos
622 720 724 799 pullos
739 720 920 799 acquireret;
944 720 1059 800 quibus
1074 720 1214 798 venditis,
1239 726 1351 783 emeret

281 824 432 887 porcum;
455 827 520 887 quo
544 810 657 872 nutrito
680 814 709 871 et
731 810 922 889 inpinguato,
946 808 1092 872 venderet
1114 810 1201 871 illum
1223 814 1256 872 ut
1278 809 1351 872 inde

281 900 398 957 emeret
427 898 547 976 pullum
576 898 734 978 equinum,
766 902 878 960 ettam
902 898 956 960 diu
988 898 1115 960 nutriret
1138 898 1239 978 ipsum
1264 897 1350 977 quod

282 989 374 1064 aptus
396 991 476 1048 esset
496 987 536 1049 ad
559 987 769 1066 equitandum,
792 991 822 1049 et
843 988 924 1067 cepit
946 987 1023 1049 intra
1046 1005 1079 1050 se
1098 986 1212 1050 dicere:
1239 987 1351 1066 „Equi-

227 1088 270 1133 rao
283 1073 357 1136 tabo
381 1092 498 1153 equum
522 1076 619 1152 illum,
641 1080 671 1138 et
685 1075 796 1139 ducam
811 1076 851 1137 ad
872 1094 992 1156 pascua,
1016 1080 1046 1138 et
1060 1075 1159 1138 dicam
1176 1076 1212 1152 ci,
1233 1076 1273 1152 io,
1290 1076 1348 1138 io!

282 1162 367 1225 Cum
397 1167 500 1226 autem
530 1165 587 1227 hec
614 1165 765 1244 cogitaret,
796 1166 876 1245 cepit
905 1183 1030 1227 movere
1062 1165 1164 1244 pedes,
1195 1169 1232 1242 et,
1264 1164 1351 1246 quasi

282 1252 410 1313 calcaria
446 1253 478 1315 in
509 1253 642 1333 pedibus
676 1254 808 1330 haberet,
843 1254 923 1333 cepit
956 1254 1034 1316 talos
1066 1272 1191 1316 movere
1220 1258 1250 1316 et
1280 1271 1352 1333 prae

282 1338 409 1419 gaudio'
426 1342 570 1405 manibus
593 1342 751 1423 plaudere;
775 1342 815 1405 ita
838 1342 924 1422 quod
949 1347 1034 1405 motu
1052 1342 1167 1422 pedum
1191 1346 1220 1405 et
1242 1342 1351 1422 plausu

284 1447 437 1491 manuum
462 1448 587 1494 urceum
611 1431 708 1511 fregit,
732 1436 762 1494 et
783 1432 858 1494 lacte
879 1431 911 1494 in
928 1436 1006 1494 terra
1021 1432 1130 1509 effuso,
1155 1432 1185 1493 in
1210 1431 1354 1493 manibus

230 1531 270 1577 ran
284 1518 352 1581 suis
375 1518 469 1581 nichil
493 1519 621 1597 invenit;
651 1525 681 1583 ct
702 1520 781 1583 sicut
803 1521 889 1600 prius
913 1538 1029 1600 pauper
1052 1521 1155 1596 fuerat,
1187 1520 1226 1582 ita
1249 1524 1354 1599 postea

283 1608 453 1687 pauperior
468 1608 532 1671 luit.
563 1609 653 1671 Multi
669 1609 752 1671 enim
769 1610 865 1671 multa
880 1613 1061 1690 proponunt
1076 1614 1104 1672 et
1120 1609 1213 1672 nichil
1230 1608 1352 1671 faciunt.

675 1811 701 1874 r.
743 1805 797 1885 [ε
821 1806 881 1868 Νο.
907 1804 968 1884 sa]

375 1928 490 1990 Audivi
521 1927 561 1989 de
590 1928 726 2008 quodam
759 1948 872 2009 magno
904 1929 1015 1992 clerico
1047 1928 1100 2009 qui
1131 1928 1229 1990 iuerat
1260 1928 1354 1991 advo-

285 2022 371 2080 catus
395 2017 427 2078 in
455 2017 560 2080 seculo
591 2022 620 2079 et
647 2018 711 2081 fere
739 2018 771 2080 in
794 2018 942 2081 omnibus
965 2018 1064 2081 causis
1088 2017 1252 2095 obtinebat,
1283 2034 1353 2079 curn

289 2107 347 2187 [io.
388 2106 481 2185 43v0]
521 2106 704 2187 suscepisset
741 2106 878 2170 habitum
918 2107 1143 2171 monachorum
1180 2105 1356 2185 frequenter

233 2205 272 2249 nu
288 2195 464 2257 mittebatur
488 2195 528 2257 ad
557 2213 663 2259 causas
697 2195 914 2276 procurandas,
946 2200 975 2259 et
1005 2196 1036 2257 in
1065 2196 1150 2258 omni
1175 2212 1265 2257 causa
1287 2213 1355 2257 suc-

286 2283 460 2346 cumbebat
500 2285 614 2348 Verum
637 2286 734 2348 abbas
756 2289 786 2347 et
808 2285 952 2348 monachi
976 2284 1126 2364 indignati
1149 2283 1292 2346 dixerunt
1314 2284 1355 2345 ei:

290 2370 486 2449 „Quomodo
515 2373 547 2434 in
575 2374 673 2437 causis
704 2373 816 2437 nostris
850 2391 972 2453 semper
1002 2373 1178 2437 succumbis
1207 2372 1354 2451 quicum

287 2478 371 2523 esses
395 2460 425 2522 in
449 2462 554 2524 seculo
577 2480 698 2543 semper
713 2462 875 2525 obtinebas
890 2462 922 2524 in
938 2462 1037 2525 causis
1059 2462 1207 2525 alienisil
1244 2461 1284 2523 nt
1306 2460 1356 2522 ille

289 2544 462 2630 resp‘ondit:
489 2550 590 2615 „Cum
606 2570 704 2615 essem
720 2550 873 2629 secularis,
890 2551 1011 2613 mentiri
1035 2568 1099 2613 non
1123 2548 1277 2627 timebam,
1300 2549 1355 2611 sed

234 2646 275 2691 1ss
290 2657 347 2719 per
369 2638 523 2701 mendatia
537 2644 567 2701 et
581 2640 704 2703 fraudes
718 2640 910 2703 adversarios
928 2639 1123 2721 superabam;
1148 2656 1232 2701 nunc
1246 2642 1356 2713 autern,

289 2728 363 2807 quia
394 2745 457 2790 non
489 2727 590 2791 audeo
621 2728 722 2791 dicere
752 2729 810 2793 nisi
840 2747 961 2806 verum,
992 2746 1114 2808 semper
1143 2727 1250 2791 accidit
1281 2726 1356 2789 mihi

290 2816 507 2879 contrarium.u
543 2818 579 2879 Et
593 2817 633 2879 ita
647 2818 815 2897 permissus
838 2822 883 2881 est
906 2818 937 2879 in
961 2816 1081 2881 claustri
1106 2835 1179 2897 pace
1202 2816 1357 2896 quiescere

291 2923 348 2967 nec
370 2905 504 2985 amplius
526 2906 639 2969 missus
661 2907 768 2969 estad
791 2907 983 2987 litigandum.

675 3090 703 3147 8.
744 3084 798 3164 [=
822 3085 884 3147 No.
911 3085 974 3164 56.]

383 3208 548 3288 Proprium
587 3206 713 3286 quidem
748 3211 793 3269 est
827 3208 1056 3287 presumptuosi
1095 3206 1219 3271 credere
1253 3207 1292 3269 dc
1325 3225 1359 3270 se

238 3321 280 3367 150
293 3314 388 3377 supra
410 3314 443 3360 se
466 3302 495 3359 et
517 3315 552 3359 ea
575 3314 636 3375 qne
659 3314 724 3359 non
754 3296 846 3359 habet
876 3301 982 3376 putare
1012 3315 1045 3359 se
1075 3296 1198 3359 habere.
1244 3296 1358 3359 Audivi

293 3386 334 3448 de
355 3386 493 3465 quodam
524 3386 681 3449 sacerdote
710 3386 763 3465 qui
792 3403 900 3448 vocem
929 3385 1091 3448 asinariam
1119 3389 1149 3447 et
1179 3385 1358 3449 horribilem

293 3475 425 3537 habebat
454 3479 484 3537 et
513 3479 614 3536 tamen
644 3492 677 3537 se
708 3475 787 3537 bene
816 3478 937 3537 cantare
967 3475 1099 3554 putabat.
1145 3474 1227 3537 Cum
1257 3478 1357 3537 autem

292 3563 426 3643 quadam
450 3563 501 3625 die
523 3567 662 3640 cantaret,
686 3564 797 3625 mulier
819 3563 946 3643 quidam
963 3563 1093 3626 audiens
1116 3581 1187 3625 eum
1212 3563 1359 3643 plorabat.

293 3652 447 3715 Presbiter
469 3670 544 3715 vero
566 3652 695 3715 credens
717 3652 804 3731 quod
828 3652 972 3714 suavitate
995 3652 1081 3715 vocis
1103 3670 1159 3715 sue
1181 3652 1219 3714 ad
1243 3653 1360 3716 devoti-

239 3762 280 3808 155
294 3759 388 3805 onem
423 3745 452 3804 el
486 3741 624 3805 lacrimas
659 3741 770 3803 mulier
806 3741 986 3818 incitaretur,
1025 3740 1105 3821 cepit
1137 3741 1239 3804 adhuc
1271 3742 1361 3805 altius

294 3830 435 3894 clamare.
474 3830 514 3893 nt
536 3830 587 3892 illa
609 3830 689 3910 cepit
711 3830 809 3909 magis
831 3830 915 3892 itere
953 3831 1042 3892 Tunc
1064 3830 1208 3893 sacerdos
1230 3832 1362 3910 quesivit

293 3938 313 3981 a
335 3920 464 3982 muliere
487 3938 582 3999 quare
603 3919 698 3995 neret,
722 3918 850 3982 credens
872 3919 979 3981 audire
995 3919 1081 3999 quod
1106 3919 1234 3982 libenter
1256 3920 1360 3981 audie-

294 4009 354 4071 bat
399 4008 439 4070 At
461 4008 512 4071 illa
534 4008 622 4070 dixit:
653 4008 818 4084 „Domine
849 4026 908 4087 ego
938 4026 1007 4070 surn
1037 4008 1087 4069 illa
1118 4008 1223 4069 infelix
1251 4009 1362 4070 mulier

294 4099 384 4177 cujus
420 4097 543 4159 asinum
577 4097 669 4177 lupus
703 4096 754 4158 illa
787 4097 837 4159 die
872 4096 1041 4173 devoravit,
1081 4100 1110 4159 et
1143 4096 1270 4175 quando
1305 4114 1362 4158 vos

242 4204 282 4251 roo
296 4186 392 4250 audio
421 4190 549 4263 cantare,
579 4186 678 4249 statim
708 4184 748 4247 ad
779 4185 961 4248 memoriam
994 4185 1108 4247 reduco
1139 4183 1225 4263 quod
1257 4184 1362 4246 asinus
