3584 4884
683 437 928 497 -159-

147 693 148 698 ἵ
264 630 463 694 permanens,
493 630 558 675 non
590 611 752 691 gaudebat,
784 629 842 673 nec
869 610 1008 673 cantabat
1039 628 1126 673 more
1155 608 1247 671 solito
1269 626 1340 671 cum

265 720 375 765 uxore.
423 702 512 763 Tune
540 700 629 763 dives
650 700 701 762 ille
723 700 826 762 etalii
848 699 942 761 vicini
969 700 1036 778 eius
1059 704 1129 779 post
1150 698 1340 777 aliquantum

219 796 395 871 motempus
418 794 567 870 cepemnt
581 806 710 868 querere
731 788 772 851 ab
795 806 834 851 eo
856 806 913 850 cur
934 788 975 849 ita
997 788 1176 851 macilentus
1199 790 1228 848 et
1250 786 1342 849 tristis

268 880 367 942 iaetus
390 883 478 942 esset
524 877 672 957 Cumque
694 878 745 940 ille
767 878 923 939 veritatem
947 876 1033 938 iateri
1057 894 1122 939 non
1144 874 1279 952 auderet,
1301 875 1343 937 ait

267 970 357 1031 dives
379 968 444 1031 ille:
479 968 568 1047 „Ego
590 967 655 1030 scio
677 967 841 1044 veritatem,
871 983 937 1028 non
965 970 1053 1045 potes
1080 963 1278 1041 abscondere,
1308 968 1340 1026 tu

267 1058 318 1120 tali
335 1058 388 1119 die
403 1057 480 1119 etin
496 1057 547 1118 tali
563 1056 634 1119 loco
650 1055 812 1136 pecuniam
829 1073 929 1117 meam
946 1053 1088 1117 invenisti
1104 1058 1141 1131 et,
1164 1052 1342 1116 videntibus

269 1147 319 1209 his
342 1146 492 1209 omnibus
506 1145 561 1225 qui
582 1149 738 1225 presentes
759 1148 839 1220 sunt,
862 1144 895 1205 in
919 1142 1048 1205 donnini
1070 1148 1153 1205 tuam
1176 1142 1338 1205 detulisti·

218 1236 309 1299 wollt
332 1235 384 1297 ille
406 1235 519 1296 timens
533 1238 564 1297 et
577 1234 770 1310 erubescens,
792 1232 846 1294 ait:
872 1231 1054 1297 ‚Maedica
1072 1231 1112 1294 sit
1134 1231 1189 1294 ista
1212 1231 1342 1311 pecunia

268 1342 331 1404 que
355 1341 407 1386 me
428 1327 546 1385 tantum
570 1322 679 1384 atilixit
700 1320 797 1401 quod,
827 1325 993 1401 postquam
1016 1320 1100 1383 illam
1124 1320 1237 1397 inveni,
1266 1338 1342 1400 gau·

267 1414 358 1474 dium
382 1429 448 1474 non
472 1411 567 1475 habui
590 1415 621 1474 et
642 1411 736 1490 longe
758 1410 857 1489 magis
880 1410 1021 1488 fatigatus
1040 1428 1110 1472 sum
1126 1409 1232 1471 animo
1247 1426 1340 1489 quam

267 1502 357 1581 prius
379 1505 442 1563 tota
463 1499 515 1563 die
539 1499 682 1562 manibus
704 1499 840 1580 propriis
861 1498 1042 1575 laborando,
1066 1498 1206 1577 fatigatus
1229 1498 1340 1561 luerim

268 1607 415 1669 corpore;
446 1589 519 1651 tolle
547 1588 709 1669 pecuniam
731 1592 816 1649 tuam
847 1592 881 1649 ut
908 1586 991 1649 letari
1015 1592 1044 1650 et
1066 1592 1186 1649 mutue
1215 1588 1340 1664 valeam,

217 1696 256 1741 uo
268 1680 350 1742 sicut
367 1677 548 1741 consuevi·

664 1810 713 1863 11.
754 1800 809 1881 [=
832 1802 894 1864 No.
919 1800 981 1881 ol]

359 1943 475 2006 Audivi
507 1944 548 2006 de
577 1943 765 2024 quibusdam
800 1943 994 2006 monasteriis
1027 1960 1089 2022 que
1121 1942 1153 2004 in
1168 1968 1171 1975 Δ
1188 1942 1341 2022 principio

146 2067 147 2094 r
269 2032 463 2096 fundationis
485 2051 549 2111 sue,
573 2050 644 2095 cum
667 2033 807 2096 modicas
821 2032 1033 2113 possessiones
1057 2031 1212 2108 haberent,
1235 2031 1342 2094 tratres

269 2122 360 2185 valde
384 2122 551 2202 hospitales
566 2126 651 2185 erant
664 2122 894 2185 transeuntibus
908 2126 938 2184 et
953 2120 1080 2200 benigni
1104 2120 1293 2201 pauperibus
1313 2124 1342 2184 et

270 2229 342 2274 eum
366 2210 483 2290 gaudio
506 2211 625 2290 absque
647 2210 853 2274 sollieitudine
877 2209 1017 2273 Domino
1040 2209 1219 2272 serviebant
1255 2210 1342 2273 Post-

221 2316 259 2363 ns
272 2318 367 2379 quam
406 2303 508 2362 autem
542 2299 612 2363 iacti
649 2299 774 2361 fuerunt
811 2297 921 2361 divites
953 2302 984 2360 et
1016 2298 1135 2378 amplas
1169 2298 1343 2361 habuerunt

272 2388 487 2469 possessiones
509 2392 607 2451 totum
631 2387 817 2450 contrarium
840 2387 999 2450 iaciebant.
1046 2386 1141 2451 Unde
1163 2390 1193 2451 et
1214 2387 1341 2467 quidam

271 2477 377 2554 abbas,
408 2495 480 2540 cum
503 2476 594 2539 valde
614 2475 713 2539 durus
742 2480 821 2539 esset
847 2480 877 2539 et
904 2476 1101 2553 inhumanus,
1130 2493 1254 2556 semper
1281 2476 1341 2539 sibi

271 2567 389 2629 similes
412 2565 579 2646 nequiores
601 2584 695 2646 quam
719 2564 858 2628 invenire
888 2570 1006 2646 poterat
1027 2565 1059 2628 in
1088 2565 1229 2645 hospicio
1252 2568 1281 2627 et
1302 2564 1341 2626 ad

272 2660 394 2735 portam
417 2654 516 2718 abatic
531 2659 561 2717 et
576 2655 607 2718 in
622 2654 691 2718 aliis
713 2654 897 2718 obedientiis
920 2655 1063 2735 ponebat.
1108 2653 1226 2717 Accidit
1240 2658 1341 2716 autem

221 2761 260 2806 ao
273 2743 361 2824 quod
384 2744 535 2823 joculator
555 2744 692 2823 quidam,
714 2760 786 2807 cum
810 2743 865 2805 iter
886 2744 1005 2821 iaceret,
1029 2748 1118 2807 nocte
1141 2742 1342 2823 compellente

272 2833 311 2895 ad
347 2833 567 2896 monasterium
602 2832 810 2913 hospitaturus
843 2832 1013 2907 diverteret,
1048 2831 1101 2911 qui
1132 2849 1189 2893 nec
1221 2831 1341 2893 vultum

272 2922 411 3003 hylarem
450 2940 508 2983 nec
540 2921 675 3001 aliquam
714 2920 831 2983 invenit
868 2920 1019 3001 pietatem,
1057 2919 1111 2983 sed
1146 2920 1198 2981 vix
1229 2938 1341 3000 panem

273 3010 477 3088 nigerrimum
501 3014 530 3072 et
552 3009 708 3089 legumina
730 3027 801 3071 cum
825 3008 887 3071 sale
903 3013 933 3071 et
946 3026 1028 3088 aqua
1042 3012 1071 3070 et
1093 3008 1203 3071 lecbrm
1227 3008 1341 3071 durum

273 3104 304 3161 et
325 3098 489 3161 sordidum
513 3098 612 3178 potuit
634 3097 781 3161 obtinere.
827 3098 920 3159 Mane
952 3102 1052 3159 autem
1083 3096 1172 3159 valde
1202 3096 1343 3161 oiiensus

222 3204 260 3251 aa
274 3186 430 3264 recedens,
460 3186 592 3267 cogitare
615 3187 695 3267 cepit
722 3186 886 3267 quomodo
910 3185 949 3249 de
972 3186 1026 3249 illo
1049 3185 1240 3266 nequissimo
1270 3204 1342 3268 pro

272 3281 422 3354 curatore,
446 3275 499 3355 qui
523 3279 641 3355 preerat
664 3275 813 3356 hospicio,
846 3279 951 3357 posset
972 3292 1006 3338 se
1029 3274 1183 3338 vindicare
1206 3279 1242 3352 et,
1270 3294 1341 3340 cum

271 3364 498 3445 aliquantulum
522 3365 727 3445 processisset,
750 3364 882 3427 occurrit
902 3364 944 3426 illi
960 3365 1056 3427 abbas
1071 3363 1125 3443 qui
1141 3381 1199 3444 pro
1214 3365 1342 3444 quibus-

272 3454 347 3516 dam
370 3453 508 3533 negociis
531 3453 643 3517 exierat
665 3458 695 3516 et
715 3454 754 3516 ad
778 3454 931 3517 abbatiam
948 3453 1075 3517 redibat.
1109 3451 1169 3516 Cui
1192 3452 1344 3533 ioculator

272 3542 327 3605 ait:
360 3543 463 3607 „Bene
485 3543 586 3605 veniat
607 3542 754 3605 dominus
783 3560 871 3606 meus
899 3543 1003 3606 bonus
1031 3542 1127 3605 abbas
1149 3546 1179 3605 et
1201 3542 1342 3623 liberalis,

219 3648 260 3694 sao
274 3630 388 3711 gratias
410 3632 500 3695 vobis
527 3631 627 3695 relero
650 3635 680 3694 et
708 3631 762 3693 toti
786 3632 958 3709 conventui,
990 3631 1062 3711 quia
1086 3631 1176 3694 irater
1198 3630 1257 3710 ille,
1288 3634 1343 3713 qui

273 3725 377 3801 preest
392 3720 541 3801 hospicio,
557 3720 614 3783 hac
629 3724 718 3783 nocte
732 3720 895 3800 splendide
911 3738 961 3782 me
977 3720 1159 3800 procuravit,
1176 3738 1343 3802 preparans

274 3809 351 3872 milri
377 3809 474 3890 pisces
489 3809 624 3889 optimos
638 3827 709 3871 cum
725 3809 800 3872 vino
816 3809 957 3889 precioso
974 3812 1002 3871 et
1017 3808 1088 3887 igne
1105 3826 1227 3889 magno,
1252 3813 1281 3872 et
1300 3814 1345 3874 tot

273 3898 334 3961 alia
349 3898 463 3961 fercula
486 3897 561 3959 mihi
585 3898 729 3979 apposuit
744 3898 830 3977 quod
854 3914 1019 3959 numerum
1035 3897 1112 3959 scire
1128 3914 1191 3962 non
1214 3914 1342 3977 possum

275 3987 360 4049 etin
385 4004 504 4049 recessu
528 4004 599 4049 meo
627 3986 820 4049 calciamenta
847 3986 923 4048 mihi
951 3984 1035 4049 dedit
1062 4002 1132 4048 cum
1161 3986 1292 4065 corrigia
1315 3991 1344 4049 et

220 4094 262 4139 aas
276 4075 429 4138 cultello.u
476 4074 615 4137 Audiens
638 4075 694 4137 hec
715 4076 812 4139 abbas
828 4075 921 4137 iratus
936 4074 1025 4137 valde
1041 4092 1099 4154 pro
1114 4074 1198 4153 gravi
1215 4074 1343 4139 crimine

277 4163 531 4245 [procuratorem]
561 4162 639 4226 dure
667 4164 836 4228 verberavit
866 4168 903 4241 et,
931 4181 969 4226 eo
998 4162 1134 4244 projecto
1161 4162 1200 4225 ab
1227 4160 1342 4243 oliici0,
