3584 4884
725 476 946 532 ..77-

303 647 353 712 „O
373 647 511 722 domina,
536 647 595 709 heu
621 646 712 708 nobis
728 651 756 708 et
771 647 876 710 uobis!
926 647 1117 727 leporarius,
1141 665 1235 726 quem
1251 651 1367 709 tantum

298 735 399 814 diligit
422 735 570 798 dominus
601 739 713 812 noster,
744 735 844 797 lilium
874 741 1009 798 vestrum
1033 735 1145 798 occidit
1167 740 1197 798 et
1219 736 1261 798 ibi
1286 736 1369 799 iuxta

298 843 425 887 murum
448 825 571 888 satiatus
594 825 634 887 de
656 825 806 904 sanguine
830 825 917 904 pueri
941 826 1024 887 iacet
1060 824 1096 886 Et
1110 829 1172 887 tota
1187 825 1368 904 superficies

245 931 285 977 ru
296 919 377 975 terre
412 913 444 975 in
479 914 604 976 circuilu
641 913 783 976 cunabuli
819 913 858 975 de
885 913 1036 993 sanguine
1064 914 1151 994 pueri
1178 917 1224 976 est
1246 913 1365 994 plena.u

300 1002 447 1080 Domina,
477 1021 547 1065 cum
577 1003 637 1065 hoc
667 1001 807 1080 audisset,
837 1002 877 1065 ad
908 1008 1018 1065 terram
1046 1001 1155 1066 cecidit
1177 1003 1311 1065 clamans
1333 1021 1370 1065 ac

297 1091 419 1154 eiulans
442 1095 471 1153 et
493 1091 610 1154 dicens:
642 1093 733 1156 „lieu
758 1091 859 1168 michi,
884 1092 959 1153 heu!
988 1091 1064 1170 quid
1087 1091 1210 1154 faciam!
1251 1091 1368 1154 Orbata

296 1197 369 1243 sum
393 1179 485 1242 vnico
508 1179 574 1243 filio
599 1194 697 1243 meo.u
747 1180 904 1242 Dominus
934 1198 1009 1243 uero
1039 1179 1079 1242 de
1109 1179 1185 1242 ludo
1215 1180 1299 1242 venit
1329 1184 1368 1257 et,

297 1287 370 1331 cum
394 1269 440 1332 sic
462 1269 610 1346 clamaret,
639 1268 799 1348 diligenter
827 1269 961 1348 quesiuit
982 1287 1104 1332 causam
1134 1269 1285 1332 clamoris.
1331 1269 1370 1332 m

244 1377 284 1424 asu
300 1358 364 1420 illa:
393 1357 444 1422 „0
468 1358 602 1435 domine,
627 1357 687 1420 heu
704 1358 795 1421 nobis
814 1358 953 1421 duobus!
980 1358 1163 1438 leporarius
1178 1362 1257 1432 tuus
1274 1376 1367 1437 quem

298 1451 419 1509 tantum
443 1446 554 1526 diligis,
578 1447 702 1509 vnicum
733 1447 831 1509 lilium
863 1452 1003 1510 nostrum
1035 1447 1146 1509 occidit
1168 1451 1197 1508 et
1219 1447 1262 1509 ibi
1286 1447 1369 1509 iuxta

297 1553 426 1598 murum
450 1536 571 1598 satiatus
595 1535 634 1598 de
657 1536 806 1615 sanguine
830 1536 917 1616 pueri
941 1536 1043 1598 iacetl
1082 1536 1171 1598 Miles
1186 1553 1260 1598 vero
1283 1554 1368 1598 com-

298 1628 405 1687 motus
428 1629 474 1686 est
494 1624 596 1701 valde,·
619 1625 720 1686 aulam
745 1625 875 1687 intrauit
901 1625 1091 1704 leporarius,
1115 1643 1186 1687 cum
1203 1625 1367 1687 dominum

298 1731 392 1776 suum
418 1713 549 1789 vidisset,
573 1713 710 1790 surrexit,
734 1713 811 1776 sicut
834 1714 941 1794 potuit,
973 1718 1002 1776 el
1030 1713 1213 1794 applausum
1238 1713 1368 1776 domino

245 1819 287 1866 aab
301 1820 362 1865 suo
386 1802 464 1864 lecit
488 1802 663 1866 lvlilesvero
686 1802 823 1882 gladium
848 1802 975 1865 extraxit
986 1807 1016 1865 et
1026 1807 1116 1882 caput
1139 1802 1281 1882 leporarii
1304 1820 1368 1864 vno

300 1891 362 1954 ictu
387 1891 565 1970 amputauit.
615 1891 684 1953 lloc
714 1891 791 1954 iacto
819 1892 952 1972 perrexit
973 1891 1012 1953 ad
1036 1891 1234 1968 cunabulum,
1262 1890 1369 1953 euertit

302 1979 395 2059 [eam]
422 1985 451 2040 et
473 1997 604 2059 puerum
628 1998 736 2042 sanum
761 1981 886 2044 inuenit.
934 1981 1017 2042 luxta
1040 1980 1229 2042 cunabulum
1253 1997 1367 2060 corpus

298 2069 452 2148 serpentis
480 2073 635 2131 mortuum
671 2068 753 2146 vidit,
788 2068 870 2132 vnde
905 2087 960 2149 per
993 2073 1072 2131 certa
1103 2068 1192 2148 signa
1221 2069 1370 2148 cognouit

298 2157 388 2237 quod
421 2157 590 2237 leporarius
621 2158 663 2220 ob
693 2157 905 2220 defensionem
937 2158 1024 2238 pueri
1054 2162 1226 2237 serpentem
1250 2156 1368 2220 occidit.

243 2264 285 2310 aso
299 2247 392 2309 Tunc
415 2264 485 2309 cum
509 2247 642 2309 clamore
665 2247 768 2309 valido
791 2251 820 2309 et
841 2247 916 2309 fletu
932 2247 1033 2310 scissis
1056 2247 1193 2309 crinibus
1215 2245 1369 2308 clamauit:

301 2373 316 2402 n
324 2336 396 2397 Heu
422 2335 523 2412 michi,
547 2335 622 2398 heu!
660 2336 789 2416 Propter
811 2336 941 2397 verbum
964 2335 1069 2399 uxoris
1092 2354 1159 2398 mee
1182 2335 1368 2416 leporarium

299 2442 407 2486 meum
432 2424 584 2504 optimum
609 2425 715 2502 occidi,
740 2425 794 2504 qui
818 2425 911 2486 vitam
935 2425 1023 2505 pueri
1040 2425 1100 2487 mei
1116 2424 1246 2487 saluauit
1263 2429 1293 2486 et
1307 2442 1369 2486 ser-

298 2517 425 2594 penlem
450 2512 586 2578 occidit«
622 2515 692 2576 lieu
716 2514 817 2591 michi,
842 2514 916 2576 heu!
953 2513 1052 2575 Arne
1075 2514 1144 2594 ipso
1168 2513 1368 2592 penitenciam

297 2601 478 2681 accipiam.u
528 2603 629 2682 Fregit
656 2603 790 2665 lanceam
821 2620 909 2664 suam
941 2603 973 2664 in
1004 2603 1060 2665 .lll.
1091 2607 1191 2682 partes
1218 2606 1247 2664 et
1277 2602 1369 2664 nudis

243 2708 284 2754 ass
299 2690 438 2771 pedibus
459 2690 497 2752 ad
521 2695 630 2754 terram
654 2695 787 2754 sanctam
812 2692 950 2771 perrexit,
985 2692 1037 2754 vbi
1060 2696 1125 2754 toto
1148 2695 1287 2770 tempore
1309 2691 1369 2752 vite

296 2797 356 2842 sue
380 2779 462 2841 vixit.

463 2973 602 3038 Secunda
626 2975 763 3038 namacio
787 2975 985 3056 imperatricis
1009 2976 1068 3055 (Bl.
1096 2976 1211 3054 145r,)‚

787 3095 887 3168 [npetu

394 3221 529 3296 Quidam
554 3224 718 3303 imperator
741 3229 810 3303 erat,
841 3225 895 3304 qui
926 3227 1081 3304 quandam
1110 3227 1253 3289 forestam
1277 3225 1369 3308 lrabe-

298 3313 361 3390 bat,
387 3311 418 3372 in
443 3329 503 3390 qua
526 3317 588 3374 erat
609 3331 682 3392 aper
712 3317 883 3391 strennuus,
915 3315 1055 3392 crudelis,
1087 3315 1118 3376 in
1142 3319 1258 3377 tantum
1283 3314 1369 3393 quod

298 3418 413 3464 omnes
437 3401 580 3464 intrantes
604 3401 722 3465 occidit.
770 3403 944 3482 Imperator,
976 3404 1105 3466 multum
1137 3403 1176 3466 de
1207 3405 1266 3466 hoc
1296 3421 1370 3465 con-

244 3509 285 3554 aoo
300 3491 444 3567 tristatus,
468 3489 538 3552 iecit
561 3491 742 3570 proclamari
767 3510 821 3572 per
843 3495 941 3554 totum
958 3493 1123 3572 imperium
1140 3492 1234 3572 quod,
1258 3493 1369 3571 siquis

298 3596 411 3660 aprum
435 3579 593 3656 occideret,
618 3579 712 3640 liliam
736 3598 822 3643 suam
847 3581 966 3644 vnicam
990 3600 1060 3644 cum
1084 3587 1149 3645 toto
1181 3599 1278 3660 regno
1301 3587 1371 3661 post

299 3668 369 3730 eius
391 3667 552 3730 decessum
578 3668 709 3730 baberet.
757 3671 843 3732 Facta
874 3671 1119 3749 proclamacione
1150 3689 1214 3733 non
1248 3675 1293 3733 est
1323 3671 1370 3731 in-

299 3761 411 3818 ventus
436 3774 523 3832 vnus,
548 3757 601 3835 qui
625 3757 664 3818 de
689 3758 744 3820 hac
767 3777 799 3820 re
814 3759 904 3820 vellet
919 3777 952 3822 se
968 3760 1173 3823 intromittere.
1215 3761 1284 3822 Erat
1298 3764 1371 3822 tunc

302 3845 431 3925 quidam
458 3849 562 3924 pastor
585 3846 690 3908 ovium
715 3846 754 3909 de
777 3847 829 3908 vili
853 3849 1004 3927 sanguine
1020 3849 1198 3928 productus,
1222 3849 1276 3928 qui
1294 3849 1371 3910 intra

245 3954 286 3999 eos
302 3953 335 3998 se
358 3934 523 4013 cogitabat:
551 3933 602 3998 „Si
625 3953 734 4014 aprum
759 3954 881 4016 possem
907 3938 1053 4014 occidere,
1078 3956 1142 4000 non
1169 3942 1286 3999 tantum
1310 3955 1369 4016 ego

301 4028 467 4104 promotus
497 4040 604 4100 essem,
633 4023 688 4085 sed
719 4042 828 4088 omnes
859 4025 898 4087 de
926 4044 997 4088 meo
1020 4027 1198 4105 sanguine.a
1247 4026 1372 4105 Accepit

300 4112 448 4175 baculum
473 4112 655 4191 pastoralem
679 4117 708 4174 et
731 4114 873 4177 forestam
898 4115 1029 4178 intrauit
1075 4117 1165 4194 Aper,
1196 4133 1266 4178 cum
1298 4133 1368 4176 eum

299 4201 435 4277 vidisset,
474 4203 539 4263 toto
575 4202 736 4264 conamine
775 4203 805 4264 in
841 4221 912 4265 eum
951 4204 1046 4267 irruit
1093 4204 1144 4266 llle
1174 4222 1248 4266 vero
1279 4203 1369 4268 arbo·
