3584 4884
815 354 1056 412 -136-

403 546 471 592 sum
489 528 547 589 itte.
587 527 744 606 insignum
762 527 853 590 huius
869 545 948 606 rogo
967 530 995 588 te
1010 525 1060 588 dei
1083 544 1196 603 amore,
1220 531 1253 588 ut
1274 526 1314 587 ad
1338 526 1470 606 impera-

403 617 506 680 tricem
531 633 640 697 pergas
664 620 693 678 et
715 615 742 677 ei
765 615 804 678 de
820 615 954 678 aduentu
972 633 1042 678 meo
1058 614 1149 692 dicas,
1174 619 1207 676 ut
1223 615 1315 677 michi
1332 614 1471 677 celeriter

350 723 390 770 rau
405 710 502 769 vestes
525 705 626 782 mittat,
658 705 731 784 quia
752 705 852 766 aulam
885 705 996 768 intrare
1018 703 1099 766 volo.
1145 703 1177 767 Si
1201 722 1274 766 vero
1298 703 1386 766 dictis
1408 704 1471 777 tuis

404 813 467 858 non
491 793 599 870 credat,
630 793 737 870 dicei,
768 792 854 873 quod
878 812 933 874 per
956 793 1011 856 ista
1032 793 1120 872 signa
1142 797 1172 854 et
1198 793 1260 869 ista,
1291 811 1351 871 que
1375 811 1470 856 nemo

404 883 498 960 nouit,
522 882 580 945 nisi
605 892 663 944 nos
686 882 758 958 duo,
782 887 813 944 vt
827 883 881 944 tibi
907 900 961 962 per
983 882 1088 945 omnia
1111 881 1246 944 credatu
1281 881 1331 944 Ait
1346 882 1469 944 ianitor:

407 973 498 1037 „Non
522 970 639 1048 dubito,
663 971 736 1051 quia
758 971 800 1034 sis
823 971 957 1048 insanus,
981 971 1055 1050 quia
1077 971 1136 1032 iam
1157 969 1304 1033 dominus
1328 988 1416 1032 meus
1435 971 1467 1032 in

404 1078 508 1123 mensa
536 1059 620 1122 sedet
650 1064 678 1122 et
709 1061 882 1140 imperatrix
907 1060 987 1122 iuxta
1011 1077 1092 1122 eum.
1139 1060 1364 1137 Verumtamen,
1395 1059 1470 1138 quia

350 1167 390 1213 no
404 1149 481 1212 dicis
509 1152 538 1211 te
569 1148 783 1229 imperatorem
814 1167 887 1226 esse,
930 1148 1100 1228 inperatrici
1132 1147 1281 1210 intimabo
1312 1151 1341 1209 et
1369 1152 1470 1210 certus

402 1256 480 1314 sum,
504 1237 577 1317 quia
599 1237 732 1316 grauiter
755 1241 879 1318 propter
903 1238 962 1300 hoc
986 1237 1151 1317 punieris.u
1190 1237 1302 1299 ianitor
1316 1236 1354 1298 ad
1372 1237 1469 1316 impe-

404 1326 540 1390 ratricem
564 1327 702 1408 perrexit,
729 1326 815 1388 flexis
838 1326 971 1405 genibus
993 1326 1098 1388 omnia
1120 1325 1148 1388 ei
1173 1325 1279 1388 retulit.
1327 1325 1379 1388 Illa
1402 1344 1468 1388 non

404 1415 560 1479 modicum
592 1415 762 1478 contristata
796 1414 835 1477 ad
870 1414 1033 1478 dominum
1068 1432 1159 1477 suum
1190 1432 1347 1491 conuersa,
1387 1414 1470 1476 iuxta

403 1522 495 1584 quem
520 1503 651 1580 sedebat,
675 1504 727 1566 ait:
754 1503 804 1568 „0
828 1503 956 1568 domine
979 1504 1030 1581 mi,
1053 1502 1156 1566 audite
1170 1503 1333 1565 mirabilia!
1373 1503 1469 1582 Signa

351 1610 390 1658 ru
406 1593 523 1674 priuata
545 1593 623 1655 inter
646 1610 704 1656 nos
726 1593 830 1673 sepius
852 1597 916 1656 acta
931 1592 1058 1672 quidam
1075 1592 1221 1672 rybaldus
1236 1610 1292 1672 per
1307 1591 1468 1654 ianitorem

404 1681 496 1745 michi
529 1681 630 1744 recitat
661 1685 690 1744 et
723 1681 796 1744 dicit
829 1699 861 1744 se
892 1681 1105 1761 imperatorem
1141 1698 1207 1743 esse
1241 1685 1270 1742 et
1303 1680 1468 1744 dominum

404 1786 538 1834 meum.u
577 1771 644 1850 lpse
659 1788 728 1833 cum
746 1771 806 1833 hoc
830 1770 888 1850 (Bl.
907 1770 989 1849 ost.)
1013 1769 1155 1847 audisset,
1180 1769 1315 1850 precepit
1337 1769 1467 1847 ianitori,

403 1864 434 1922 vt
464 1877 535 1923 eum
571 1859 775 1923 introduceret
809 1859 839 1921 in
875 1863 1067 1940 conspectam
1103 1859 1252 1921 omnium.
1299 1858 1364 1932 Qui
1395 1877 1467 1920 cum

404 1948 595 2012 introductus
622 1948 727 2011 fuisset
753 1947 882 2011 totaliter
906 1949 1016 2025 nudus,
1047 1948 1130 2010 oanis
1153 1947 1288 2026 quidam,
1320 1947 1467 2026 quiante

351 2055 391 2101 reo
406 2056 476 2100 eum
506 2037 635 2100 multum
666 2037 778 2113 ditexit,
809 2037 847 2099 ad
875 2041 980 2116 guttur
1001 2036 1127 2112 saitauit,
1158 2040 1190 2098 vt
1212 2055 1283 2099 eum
1307 2035 1467 2114 occideret,

404 2126 457 2188 sed
493 2144 547 2206 per
581 2126 723 2189 homines
758 2125 920 2205 inpeditus,
955 2124 1041 2205 quod
1072 2143 1143 2188 eum
1175 2142 1239 2188 non
1272 2125 1346 2187 lesit
1393 2126 1467 2187 ltem

404 2214 559 2293 quendam
583 2214 733 2278 falconem
758 2215 888 2278 habebat
904 2214 935 2276 in
952 2215 1070 2295 pertica,
1094 2214 1148 2293 qui
1168 2232 1238 2276 cum
1255 2232 1326 2276 eum
1343 2213 1467 2292 videret

404 2303 562 2382 ligaturam
600 2303 690 2382 fregit
727 2307 756 2365 et
793 2308 875 2365 extra
913 2304 1014 2366 aulam
1049 2303 1171 2366 volauit
1216 2303 1268 2365 nit
1302 2303 1468 2382 imperator

404 2391 550 2454 omnibus
588 2392 619 2452 in
657 2391 734 2469 aula,
772 2392 950 2455 sedentibus
985 2393 1016 2453 in
1051 2409 1164 2468 mensa,
1202 2391 1268 2454 siue
1305 2393 1467 2456 stantibus:

351 2495 390 2543 rar
408 2479 594 2556 „Karissimi
628 2480 675 2557 ait,
710 2479 811 2542 audite
844 2499 912 2543 mea
943 2480 1044 2558 verba,
1078 2498 1139 2560 que
1169 2479 1215 2543 isti
1246 2479 1360 2543 dicam!
1409 2481 1470 2544 Dic

405 2568 505 2646 michi,
522 2568 685 2646 karissime,
706 2569 775 2648 quis
791 2587 823 2632 es
838 2573 870 2631 tu
887 2573 916 2631 et
931 2569 973 2632 ob
990 2587 1082 2649 quam
1099 2587 1221 2632 causam
1238 2569 1300 2632 huc
1314 2569 1464 2632 venisti?¹⁴

403 2658 443 2720 At
465 2657 527 2720 ille:
554 2694 567 2722 n
576 2657 718 2734 Domine,
742 2658 908 2738 imperator
929 2676 999 2720 sum
1023 2658 1109 2721 istius
1132 2657 1253 2738 imperii
1270 2663 1299 2720 et
1318 2658 1467 2722 dominus

404 2746 489 2810 istius
512 2746 585 2822 loci;
617 2751 646 2808 et
668 2747 739 2809 ideo
763 2747 824 2810 huc
853 2747 923 2810 veni
946 2747 985 2808 ad
1016 2746 1207 2826 loquendum
1237 2765 1307 2809 cum
1336 2747 1468 2827 impera·

404 2835 484 2898 trice.
492 2850 505 2878 ‘¹
554 2835 604 2898 Ait
642 2836 806 2916 imperator
844 2836 991 2899 omnibus
1028 2836 1304 2898 circumstantibus:
1346 2836 1467 2901 „Dicite

351 2943 391 2988 ruo
406 2925 498 2988 michi
533 2943 588 3004 per
621 2924 833 3003 iuramentum,
872 2925 958 3005 quod
993 2924 1113 3002 fecistis,
1148 2924 1218 3004 quis
1252 2929 1391 2987 nostrum
1422 2929 1469 2988 est

406 3015 570 3094 imperator
585 3017 613 3077 et
628 3014 816 3078 dominus?u
853 3015 893 3076 nt
908 3013 963 3076 itti:
991 3013 1041 3079 „0
1057 3013 1192 3090 domine,
1217 3013 1272 3076 ista
1287 3018 1332 3076 est
1346 3014 1467 3094 questio

405 3103 560 3166 mirabilis.
600 3103 658 3166 Per
677 3104 890 3180 iuramentum,
914 3101 1000 3182 quod
1024 3102 1160 3178 fecimus,
1184 3120 1353 3181 numquam
1378 3102 1466 3164 ilium

405 3210 537 3272 nequam
561 3191 703 3270 vidimus,
735 3191 819 3272 quod
843 3192 969 3265 scimus;
1001 3190 1055 3254 sed
1078 3195 1109 3253 tu
1134 3209 1167 3254 es
1193 3190 1341 3254 dominus
1364 3195 1468 3254 noster

405 3285 434 3342 et
449 3280 621 3360 imperator,
645 3299 738 3360 quern
754 3300 772 3343 a
788 3281 945 3343 iuuentute
961 3280 1134 3348 habuimus.
1159 3279 1203 3342 Ed
1224 3280 1296 3342 ideo
1312 3297 1466 3358 rogamus,

351 3386 391 3432 rus
406 3373 438 3432 vt
460 3369 610 3449 puniatur,
640 3373 672 3431 vt
694 3387 802 3432 omnes
833 3369 1007 3450 exemplum
1031 3369 1158 3449 capiant,
1190 3373 1224 3430 ut
1252 3369 1291 3431 de
1320 3369 1371 3431 tati
1400 3387 1468 3449 pre·

404 3458 585 3537 sumpcione
608 3475 641 3520 se
669 3476 732 3520 non
756 3459 982 3521 intromittant.u
1031 3459 1197 3537 Imperator
1224 3457 1275 3520 ille
1297 3475 1468 3520 conuersus

404 3545 442 3607 ad
467 3546 687 3625 imperatricem
704 3551 733 3608 et
746 3547 798 3608 ait:
827 3547 914 3625 „Diq
938 3547 1072 3623 domina,
1097 3547 1189 3610 michi
1206 3545 1380 3626 perfidem,
1404 3565 1467 3626 qua

404 3634 522 3711 teneris,
551 3635 631 3697 nosti
654 3639 686 3696 tu
711 3635 801 3698 istum
815 3635 994 3713 hominem,
1022 3636 1075 3715 qui
1100 3635 1173 3698 dicit
1194 3653 1227 3698 se
1250 3635 1465 3716 imperatorem

405 3725 434 3784 et
456 3721 618 3784 dominum
642 3727 729 3785 tuum
754 3725 860 3786 esse?t
909 3724 948 3786 nt
970 3724 1032 3786 illa:
1066 3724 1116 3789 »Ο
1140 3725 1223 3788 bone
1245 3723 1380 3800 domine,
1412 3741 1468 3787 cur

350 3829 391 3875 auo
406 3811 474 3874 talia
504 3829 522 3873 a
552 3829 601 3874 me
631 3809 774 3891 querisit
823 3812 937 3874 Nonne
972 3813 1041 3892 plus
1075 3831 1168 3892 quam
1199 3813 1286 3875 XXX
1314 3813 1403 3876 annis
1434 3813 1466 3874 in

405 3899 544 3964 societate
566 3904 617 3962 tua
640 3901 704 3963 steti
729 3905 758 3964 et
781 3901 898 3982 prolem
923 3919 978 3980 per
999 3905 1028 3963 te
1052 3902 1167 3964 habui?
1209 3902 1389 3965 Sedunum
1413 3905 1466 3979 est,

406 3988 491 4070 quod
526 3989 629 4067 miror,
668 3989 829 4070 quomodo
861 3989 1007 4070 rybaldus
1041 3990 1091 4052 itte
1125 3990 1265 4070 peruenit
1293 3991 1332 4053 ad
1364 3994 1468 4053 nostra

405 4083 517 4142 secreta
540 4079 617 4141 inter
640 4097 698 4141 nos
722 4083 896 4158 perpetrata.
904 4095 917 4120 ¹¹
959 4079 1125 4158 Imperator
1140 4079 1190 4141 iile
1205 4079 1282 4140 dixit
1296 4079 1336 4141 ei:
1364 4078 1468 4152 „Quia
