3584 4884
702 439 943 495 -113-

244 628 279 672 aar
292 611 415 690 nephas,
446 611 486 674 de
516 611 646 690 singulis
677 611 838 674 comedere
868 612 977 690 coegit.
1026 611 1124 675 Porro
1151 630 1221 674 eum
1250 619 1280 674 et
1306 631 1357 675 me

291 699 428 778 iugulare
452 701 550 777 vellet,
574 700 718 762 mentitus
740 718 808 762 sum
833 719 882 762 me
906 717 972 763 esse
988 700 1151 777 medicum,
1175 701 1357 781 promittens

291 807 338 850 me
372 789 440 850 eius
475 789 591 866 oculos,
627 789 741 868 quibus
775 789 905 868 graviter
938 789 1075 866 dolebat,
1110 794 1295 867 curaturum,
1329 791 1355 854 si

291 877 397 939 mortis
420 877 586 940 discrimen
603 877 772 940 evaderem.
807 877 882 951 Quo
898 879 1027 941 libenter
1042 878 1103 941 hoc
1118 896 1175 958 pro
1191 879 1355 942 oculorum

290 965 427 1028 remedio
459 966 689 1045 consequendo,
723 971 876 1030 annuente
909 972 1106 1046 roganteque,
1140 971 1174 1030 ut
1204 968 1356 1047 promissa

244 1073 277 1118 666
291 1054 378 1116 citius
413 1054 535 1116 effectui
571 1055 783 1134 manciparem,
823 1055 957 1136 imposui
992 1056 1052 1118 olei
1086 1056 1251 1118 sextarium
1282 1057 1355 1136 igni,

290 1143 465 1206 admiscens
492 1143 519 1206 ei
548 1143 580 1205 in
611 1162 721 1224 magna
749 1145 912 1224 quantitate
939 1145 1061 1222 calcem,
1091 1145 1194 1222 salem,
1224 1145 1357 1225 sulphur

290 1237 317 1294 et
337 1233 611 1312 auripigmentum,
635 1237 800 1312 ceteraque,
824 1252 885 1313 que
901 1233 1059 1297 nociviora
1074 1239 1103 1296 et
1122 1234 1242 1296 seviora
1257 1235 1356 1297 oculis

289 1339 354 1384 esse
386 1339 605 1400 cognoveram,
639 1322 814 1402 tactumque
848 1322 959 1385 exinde
992 1323 1153 1400 collirium,
1188 1324 1231 1384 uti
1262 1341 1356 1403 super

290 1409 393 1488 ignem
429 1411 578 1486 fervebat,
617 1427 709 1490 super
743 1411 881 1490 patientis
917 1416 1007 1491 caput
1036 1411 1143 1475 eltudi.
1198 1413 1275 1474 Mox
1305 1413 1356 1474 ille

243 1515 278 1561 666
291 1498 417 1560 ferventi
443 1499 514 1561 oleo
542 1503 619 1562 totas
646 1500 784 1579 corporis
818 1501 1025 1579 profunditate
1057 1505 1156 1580 partes
1184 1501 1356 1564 decoriatus

290 1587 431 1666 pelleque
448 1591 599 1650 contracta
615 1588 646 1649 in
663 1607 769 1668 rugam
788 1589 951 1668 nervisque
970 1589 1139 1668 rigentibus
1155 1589 1231 1651 illud
1249 1585 1353 1670 [1581']

290 1676 440 1738 tantillum
473 1676 587 1753 lumen,
618 1677 703 1756 quod
735 1678 847 1740 habere
874 1678 1043 1756 videbatur,
1072 1678 1183 1740 amisit.
1228 1678 1357 1742 Videres

290 1783 363 1844 ergo
380 1783 541 1828 enormem
558 1769 685 1828 statuam
701 1765 782 1829 illam
800 1767 886 1846 quasi
903 1767 1058 1846 quendam
1082 1766 1277 1846 epilenticum
1301 1786 1357 1848 per

290 1855 500 1932 pavimentum
516 1854 645 1917 volutari
662 1859 690 1916 et
705 1873 789 1918 nunc
803 1856 922 1935 rugitus
938 1856 1073 1933 leonum,
1097 1874 1181 1918 nunc
1195 1859 1354 1918 taurorum

242 1941 400 2004 mimitari
434 1943 578 2022 mugitus,
609 1943 798 2006 horrendum
830 1944 922 2006 nimis
952 1944 1045 2007 michi
1076 1945 1123 2007 sui
1148 1945 1354 2025 spectaculum

289 2031 474 2094 exibentem.
511 2032 574 2094 Diu
597 2035 697 2094 autem
723 2033 881 2111 volutatus
905 2052 976 2096 cum
992 2034 1037 2096 sic
1051 2032 1192 2096 dolorem
1217 2034 1355 2113 mitigare

289 2137 352 2183 non
385 2125 497 2200 posset,
534 2120 720 2184 furibundus
751 2122 865 2184 clavam
889 2141 977 2185 suam
1000 2122 1116 2202 accipit,
1148 2141 1260 2202 meque
1283 2141 1353 2185 cum

289 2208 338 2270 illa
354 2227 489 2288 querens
513 2210 640 2290 parietes
664 2210 815 2272 interdum
832 2230 867 2274 ac
888 2211 1096 2291 pavimentum
1113 2211 1200 2290 quasi
1217 2210 1353 2290 quodam

288 2297 380 2360 ariete
403 2297 565 2377 quatiebat.
604 2298 664 2362 Sed
681 2317 739 2378 ego
756 2303 828 2362 tunc
850 2299 925 2380 quid
949 2318 1080 2379 agerem,
1104 2317 1169 2379 quo
1192 2299 1354 2379 lugerem?

239 2401 276 2446 666
291 2385 405 2449 Clausa
429 2391 491 2450 erat
514 2387 653 2466 undique
676 2405 766 2450 muro
789 2388 978 2452 solidissimo
1002 2389 1123 2466 domus,
1152 2406 1209 2451 nec
1230 2388 1355 2451 aliunde

289 2475 347 2538 nisi
372 2494 429 2556 per
451 2475 562 2538 ostium
588 2477 707 2556 patebat
729 2477 838 2541 exitus.
876 2477 937 2540 Sed
961 2481 990 2539 et
1005 2477 1081 2539 illud
1097 2477 1235 2540 vectibus
1251 2477 1356 2540 ferreis

288 2569 423 2626 seratum
447 2569 517 2628 erat.
563 2564 645 2628 Cum
669 2584 744 2645 ergo
768 2565 818 2628 ille
841 2585 895 2646 per
917 2565 1050 2645 angulos
1073 2565 1187 2628 domus
1210 2584 1260 2628 me
1280 2584 1356 2646 que·

289 2653 388 2716 rendo
412 2653 602 2731 discurreret,
634 2673 693 2734 ego
722 2659 823 2716 autem
853 2654 937 2717 aliud
967 2673 1059 2734 agere
1088 2672 1151 2717 non
1181 2655 1286 2718 valens
1315 2654 1354 2716 ad

288 2746 401 2804 tectum
431 2760 487 2822 per
516 2743 626 2805 scalam
654 2743 786 2820 ascendi,
817 2747 997 2823 arreptaque
1026 2744 1111 2806 trabe
1142 2747 1231 2806 nocte
1254 2748 1283 2806 et
1305 2744 1356 2806 die

236 2851 274 2896 uo
289 2835 351 2893 tota
376 2831 520 2894 manibus
550 2831 668 2909 herens,
700 2831 832 2912 pependi
856 2832 1015 2896 deorsum.
1061 2833 1175 2895 Verum
1201 2851 1271 2894 cum
1296 2833 1356 2895 hoc

287 2919 406 2982 diutius
429 2919 508 2982 lene
532 2937 595 2982 non
619 2938 751 3001 possem,
783 2925 905 2984 coactus
934 2939 1003 2983 sum
1028 2921 1137 2983 iterum
1159 2920 1355 2997 descendere,

287 3013 317 3071 et
347 3008 517 3088 aliquando
545 3009 622 3072 inter
656 3009 753 3090 ipsius
787 3027 875 3072 curra
905 3010 1045 3089 gigantis,
1079 3009 1247 3088 aliquando
1279 3010 1357 3071 inter

287 3097 396 3160 ovium
431 3115 557 3160 suarum
591 3116 717 3178 gregem
753 3099 934 3162 occultabat.
983 3098 1125 3161 ilabebat
1154 3099 1236 3160 enirn
1269 3098 1356 3178 gigas

288 3186 373 3248 mille
397 3186 460 3248 lere
476 3204 558 3264 oves,
582 3205 659 3266 quas
674 3205 744 3250 cum
763 3191 935 3250 numeratas
958 3187 1088 3264 cottidie,
1113 3205 1175 3249 una
1198 3187 1355 3267 pinguiori

235 3293 274 3339 sm
289 3275 351 3338 sibi
375 3279 496 3352 retenta,
527 3275 566 3337 ad
598 3293 709 3355 pascua
739 3275 909 3353 dimitteret,
940 3293 991 3338 eas
1017 3279 1127 3353 tamen,
1159 3276 1263 3338 nescio
1295 3294 1356 3355 qua

287 3369 351 3427 arte
374 3364 423 3425 vel
451 3363 609 3426 maleficiis
639 3364 811 3442 incantatas,
842 3381 912 3427 sero
942 3363 981 3426 de
1011 3365 1131 3443 pascuis
1161 3368 1271 3444 sponte
1300 3382 1357 3427 sua

288 3456 474 3516 revertentes
503 3453 622 3532 integro
653 3453 816 3534 recipiebat
844 3471 984 3515 numero.
1033 3454 1098 3515 llas
1127 3451 1203 3514 dum
1233 3452 1356 3515 cottidie

287 3541 484 3604 numerando
522 3542 680 3619 emitteret,
718 3561 778 3621 ego
813 3541 941 3604 evadere
975 3542 1103 3621 cupiens
1137 3541 1217 3621 pelle
1255 3542 1357 3605 arietis

287 3631 399 3694 villosa
430 3645 479 3692 me
502 3630 698 3707 circumdedi,
729 3649 768 3710 ap
783 3631 883 3710 [158⁶]
897 3630 957 3692 tavi
988 3630 1077 3710 capiti
1106 3648 1222 3692 cornua
1250 3631 1356 3709 sicque

236 3737 274 3782 666
289 3718 475 3782 exeuntibus
498 3737 547 3782 me
571 3719 690 3782 miscui.
738 3719 837 3782 Porro
860 3737 931 3781 cum
962 3718 1020 3780 sub
1049 3737 1143 3781 manu
1168 3719 1357 3782 numerantis

287 3809 452 3886 venissem,
490 3808 540 3870 ille
575 3826 624 3870 me
658 3807 779 3888 palpato
814 3811 847 3870 ut
881 3807 1028 3886 pinguem
1062 3807 1195 3870 retinuit:
1236 3808 1285 3870 De
1319 3812 1356 3886 te,

287 3897 443 3977 inquiens,
482 3915 540 3976 ego
579 3897 673 3960 hodie
710 3901 846 3960 ventrem
885 3914 989 3958 meum
1024 3896 1173 3974 saginabo
1208 3895 1356 3958 ieiunum.

287 3986 402 4066 Sicque
425 3985 536 4065 septies
558 3987 617 4049 sub
642 4003 735 4047 manu
751 3985 817 4047 eius
832 3985 911 4062 veni,
935 3985 1108 4064 septiesque
1127 3989 1261 4047 retentus
1277 4002 1356 4061 sum,

287 4079 316 4137 et
347 4080 450 4138 tamen
481 4091 603 4154 semper
633 4091 744 4136 manus
774 4074 839 4136 eius
867 4073 957 4135 evasi.
1002 4073 1051 4134 Ad
1075 4076 1244 4134 extremum
1272 4089 1355 4149 vero,

237 4181 274 4226 666
289 4182 360 4227 cum
385 4163 445 4226 sub
470 4181 562 4225 manu
593 4163 659 4226 eius
682 4161 833 4225 venissem
857 4166 887 4223 et
914 4161 964 4223 ille
988 4179 1037 4222 me
1064 4160 1242 4240 palpatums
1264 4159 1356 4220 nimis

315 4281 431 4334 ulrich.
453 4281 591 4326 lateiniscbe
604 4279 739 4325 Novellistilr
756 4281 795 4324 des
810 4278 957 4322 Mittelalters.
1196 4283 1211 4329 8
