3584 4884
732 397 953 454 ...37-

252 586 291 631 no
307 567 381 642 Que
404 569 458 630 ait:
486 568 731 648 „Presbyterum
755 568 990 649 presbyterum?
1030 568 1192 649 Dyabolus
1211 568 1381 632 contundat

305 658 394 719 eum!
449 658 618 736 Nunquam
663 657 702 719 de
737 661 836 720 cetero
874 658 1008 737 aliquem
1048 658 1122 721 uolo
1161 657 1289 737 diligere
1320 658 1379 720 nisi

305 745 473 808 dominum
498 760 631 808 meum.¹⁴

499 887 587 950 Sexta
611 887 748 950 narracio
772 887 971 967 imperatricis
995 888 1055 966 (Βὶ.
1082 893 1137 950 161
1151 887 1197 967 ν.).

738 989 943 1062 [Senescalcus]

398 1101 465 1170 Rex
488 1100 614 1180 quidam
638 1105 701 1164 erat
723 1101 803 1164 miro
819 1101 916 1164 modo
939 1101 1072 1178 inflatus,
1096 1101 1127 1162 in
1151 1105 1267 1163 tantum
1291 1100 1377 1180 quod

307 1191 455 1252 mulieres
478 1208 549 1251 eum
577 1190 826 1270 appropinquare
853 1189 1069 1252 abhorrebant
1117 1189 1180 1258 Rex
1203 1190 1258 1252 iste
1282 1189 1378 1252 inten-

255 1295 293 1341 rn
308 1278 402 1342 debat
425 1296 557 1358 corpora
579 1279 789 1358 apostolomm
808 1279 886 1341 Petri
904 1284 933 1342 et
949 1278 1035 1340 Pauli
1055 1278 1094 1340 de
1111 1277 1210 1347 Roma
1231 1278 1380 1341 violenter

306 1367 450 1430 aufferre.
498 1367 582 1428 Dum
607 1373 685 1430 esset
707 1368 738 1429 in
762 1368 820 1444 uia,
852 1369 884 1430 in
909 1367 1042 1446 quadam
1067 1367 1186 1430 ciuitate
1210 1367 1379 1447 hospitatus

306 1461 363 1532 est;
388 1456 513 1519 uocauit
536 1456 739 1518 senescalcum
764 1474 865 1534 suum,
896 1474 989 1536 quem
1014 1456 1145 1518 multum
1168 1455 1273 1518 dilexit
1295 1461 1324 1518 ct
1347 1456 1378 1518 in

306 1563 372 1624 quo
389 1563 445 1624 pre
461 1545 566 1606 ceteris
582 1544 765 1622 confidebat,
789 1549 818 1608 et
833 1545 873 1607 ait
888 1546 930 1608 ei:
957 1545 1151 1621 „Karissime
1175 1562 1269 1624 querc
1285 1545 1379 1607 michi

307 1633 471 1696 mulierem
497 1633 642 1713 pulcram,
666 1637 699 1695 ut
722 1635 753 1696 in
770 1634 839 1696 sinu
864 1652 936 1697 meo
959 1639 1048 1697 nocte
1072 1633 1127 1696 ista
1142 1633 1301 1696 dormiat*
1339 1633 1379 1695 nt

255 1739 294 1785 rao
308 1723 373 1785 ille:
412 1722 577 1799 „Domine
614 1723 756 1785 mulieres
786 1723 886 1786 sciunt
915 1728 944 1786 te
979 1722 1132 1799 inflatum,
1166 1723 1233 1785 sine
1264 1739 1379 1801 magno

307 1812 414 1892 precio
438 1811 523 1873 nulla
550 1811 650 1873 veniet
671 1811 710 1873 ad
734 1826 820 1874 uos.¹‘
868 1811 919 1874 Ait
942 1830 1007 1874 rex:
1041 1811 1174 1875 „Nonne
1196 1810 1285 1873 diues
1307 1810 1379 1874 satis

306 1919 377 1964 sum
412 1901 494 1978 ego?
541 1899 657 1972 Querat
687 1900 797 1962 mulier
826 1904 975 1979 quantum
1006 1900 1138 1962 voluerit
1168 1903 1198 1962 et
1227 1899 1309 1962 dabo
1341 1899 1378 1977 ei,

306 1989 398 2050 etiam
430 1989 456 2050 si
487 1993 566 2068 petat
600 1989 683 2050 mille
715 1989 880 2052 florenos.u
929 1988 1126 2052 senescalcus
1160 1988 1217 2050 hec
1250 1988 1379 2050 audiens

306 2078 421 2140 ductus
444 2077 607 2157 cupiditate
623 2077 661 2138 ad
678 2095 803 2140 vxorem
821 2079 987 2158 propriam,
1011 2095 1072 2156 que
1087 2081 1151 2139 erat
1171 2077 1276 2156 pulcra
1290 2077 1379 2139 valde

254 2183 294 2232 tan
307 2185 344 2228 ac
359 2170 448 2244 casta,
464 2166 588 2228 accessit
603 2171 631 2228 et
645 2167 697 2249 ait:
725 2203 737 2230 η
746 2166 917 2243 Karissima,
941 2171 1038 2246 perte
1054 2165 1223 2246 poterimus
1239 2165 1377 2228 lucrari!

307 2255 381 2328 Que
398 2255 451 2316 ait:
471 2255 551 2319 „Dic
566 2255 667 2331 michi,
684 2255 818 2333 domine,
836 2255 1039 2334 quomodo?¹⁴
1065 2255 1105 2317 nt
1120 2255 1183 2316 ille:
1202 2254 1379 2318 „Dominus

307 2361 398 2408 meus
414 2362 467 2405 rex
484 2343 642 2406 mulierem
666 2345 779 2424 appetit
802 2349 891 2406 nocte
914 2344 982 2421 ista,
1006 2344 1060 2406 sed
1084 2343 1157 2422 quia
1179 2347 1224 2405 est
1247 2343 1377 2418 inflatus,

306 2434 359 2496 vix
375 2432 488 2494 mulier
504 2432 636 2494 inueniri
653 2433 771 2512 poterit,
796 2451 856 2512 que
873 2434 912 2495 ad
937 2451 1007 2495 eum
1031 2432 1175 2496 accedere
1190 2432 1269 2494 velit.
1305 2431 1378 2494 ldeo

308 2521 404 2583 michi
440 2522 573 2601 precepit
603 2521 761 2584 mulierem
795 2522 967 2585 conducere
998 2522 1114 2601 precio;
1146 2521 1262 2583 etiamsi
1295 2521 1378 2582 mille

255 2628 293 2674 no
308 2611 449 2672 florenos
481 2610 508 2672 ei
543 2609 657 2687 darem,
693 2628 756 2672 non
793 2614 918 2690 propter
948 2611 1009 2673 hoc
1039 2609 1230 2672 dimitterem.
1280 2609 1378 2687 Vnde,

307 2699 477 2774 karissima,
509 2699 619 2760 ducam
643 2704 672 2760 te
695 2700 734 2761 ad
758 2699 867 2761 lectum
893 2700 1037 2761 suumin
1061 2699 1159 2761 noctis
1182 2698 1376 2774 obscuritate;

307 2793 338 2850 et
368 2791 438 2849 ante
469 2787 551 2850 diem
583 2805 691 2866 surges
725 2792 754 2850 et
783 2788 826 2850 sic
856 2791 967 2850 tantam
999 2788 1177 2867 peccuniam
1209 2788 1378 2867 poterimus

307 2877 477 2956 optinere.u
528 2877 585 2956 (Bl.
613 2877 718 2955 t62r.)
765 2877 889 2938 Atilia:
925 2876 1026 2941 „lieet
1049 2895 1112 2940 non
1141 2880 1219 2939 esset
1246 2876 1377 2953 inflatus,

307 2964 390 3028 absit
420 2965 481 3028 hoc
510 2983 528 3026 a
558 2983 607 3026 me
638 2970 671 3026 ut
704 2970 829 3045 propter
859 2966 943 3028 bona
976 2966 1079 3045 aliqua
1112 2965 1291 3045 temporalia
1320 2965 1378 3027 tale

255 3071 294 3118 nr
309 3058 468 3134 peccatum
493 3057 597 3116 contra
613 3054 705 3116 deum
726 3055 980 3117 committerem!u
1022 3055 1072 3116 nit
1093 3054 1295 3116 senescalcus:
1322 3053 1378 3118 „Et

307 3161 369 3222 ego
394 3142 454 3205 deo
478 3161 590 3220 uoueo,
614 3143 673 3205 nisi
697 3143 884 3206 uoluntatem
903 3161 1001 3205 meam
1024 3143 1192 3223 perfeceris,
1217 3160 1376 3221 nunquam

307 3232 431 3294 bonum
455 3231 536 3293 diem
561 3249 681 3294 mecum
706 3232 842 3294 habebis
850 3247 863 3274 ¹⁴
903 3232 954 3294 llla
971 3250 1046 3294 uero
1062 3232 1119 3294 hec
1133 3232 1262 3293 audiens
1277 3231 1378 3293 timuit

307 3320 406 3396 valde,
432 3320 461 3381 in
486 3323 601 3382 tantum
626 3321 711 3400 quod
732 3341 769 3383 ex
788 3321 899 3383 timore
922 3321 949 3383 ei
973 3321 1136 3384 consensit.
1172 3321 1376 3397 Senescalcus,

308 3427 381 3471 cum
407 3409 467 3471 hoc
489 3409 629 3486 audisset,
658 3410 741 3471 venit
763 3409 801 3472 ad
826 3428 930 3488 regem
954 3414 983 3471 et
1004 3410 1056 3472 ait:
1091 3409 1255 3485 „Domine
1284 3427 1376 3470 vnam

254 3515 294 3561 auo
310 3497 472 3560 mulierem
497 3498 567 3560 satis
583 3497 750 3578 pulchram,
775 3516 955 3577 generosam
973 3499 1087 3575 inueni,
1111 3517 1172 3577 que
1193 3516 1256 3560 non
1273 3498 1377 3560 minus

308 3605 403 3666 quam
429 3586 511 3648 mille
534 3587 671 3650 florenos
693 3589 758 3649 vult
781 3587 927 3666 recipere;
951 3592 1068 3650 etcum
1086 3587 1146 3649 hoc
1169 3587 1255 3648 utin
1280 3587 1377 3649 noctis

309 3675 493 3738 obscuritate
527 3676 627 3737 veniat
661 3680 690 3738 et
717 3681 786 3738 ante
820 3676 902 3738 diem
939 3675 1065 3752 recedat,
1101 3695 1140 3738 ne
1170 3675 1308 3738 videatur
1337 3676 1377 3738 ab

309 3764 519 3826 hominibus.“
557 3764 606 3826 nn
623 3782 687 3826 rex:
716 3765 828 3828 „llichi
846 3784 901 3844 per
917 3765 1022 3828 omnia
1037 3765 1117 3828 bene
1133 3765 1256 3844 placet¹¹
1294 3764 1376 3826 Cum

308 3871 373 3916 nox
409 3852 535 3929 adesset,
573 3853 763 3916 senescalcus
797 3872 923 3916 vxorem
957 3872 1043 3916 suam
1078 3854 1117 3915 ad
1153 3854 1262 3915 lectum
1296 3853 1377 3931 regis

254 3960 295 4006 auo
310 3941 481 4005 introduxit
504 3945 533 4004 et
547 3942 652 4005 clauso
676 3943 776 4004 hostio
793 3961 911 4005 camere
928 3944 1056 4005 recessit
1091 3942 1287 4005 Senescalcus
1303 3959 1376 4003 vero

307 4031 388 4094 circa
411 4030 605 4110 gallicantum
629 4031 758 4093 surrexit
773 4035 802 4093 et
817 4031 902 4093 uenit
921 4031 960 4093 ad
977 4049 1080 4110 regem
1097 4036 1126 4093 et
1140 4031 1192 4092 ait:
1220 4067 1233 4093 η
1242 4029 1376 4092 Domine

308 4120 360 4191 mi,
385 4119 445 4182 cito
469 4119 535 4181 dies
557 4124 609 4183 est.
646 4120 767 4182 Bonum
785 4124 829 4182 est
851 4124 884 4181 ut
906 4124 1063 4182 teneamus
1086 4118 1272 4198 promissum
1290 4115 1375 4194 quod
