3584 4884
842 464 1086 521 -164—

793 641 841 697 19.
883 635 937 714 [·--
962 636 1022 698 Νο.
1049 636 1134 715 155.]

520 740 633 803 Audivi
668 741 754 821 quod
794 741 920 821 quidam
953 760 990 803 ex
1025 742 1119 803 nimia
1153 742 1344 822 simplicitate
1377 742 1502 805 nolebat

431 830 471 893 ab
494 830 631 909 indignis
658 829 868 893 sacerdotibus
900 836 1086 893 sacramenta
1114 831 1256 911 recipere,
1287 834 1317 892 et
1339 830 1411 910 quia
1435 848 1500 893 non

431 938 469 981 ex
499 924 578 982 certa
613 918 732 982 malicia
760 918 815 982 sed
851 938 887 982 ex
923 919 1095 998 ignorantia
1131 919 1211 981 istud
1242 918 1376 996 iaciebat,
1413 919 1501 982 Deus

377 1025 418 1071 aso
433 1008 541 1071 volens
570 1006 673 1088 ipsum
704 1026 847 1070 revocare
877 1008 917 1071 ab
951 1026 1055 1070 errore
1085 1008 1210 1071 immisit
1240 1008 1267 1069 ei
1298 1008 1328 1070 in
1359 1008 1501 1088 sompnis

431 1096 511 1159 sitim
527 1096 739 1159 vehementem
756 1101 786 1159 et
801 1097 887 1175 quasi
906 1096 1135 1173 intolerabilem,
1145 1101 1181 1161 et
1196 1096 1357 1160 videbatur
1368 1097 1395 1159 ei
1413 1097 1500 1177 quod

431 1190 510 1248 esset
531 1202 626 1265 super
648 1189 783 1265 puteum,
813 1186 866 1249 ubi
890 1185 1017 1264 quidam
1049 1186 1190 1266 leprosus
1213 1202 1283 1248 cum
1307 1185 1381 1248 tune
1404 1204 1500 1249 aureo

431 1274 464 1335 in
488 1292 558 1337 vase
581 1274 789 1354 pulcherrimo
818 1273 1063 1356 limpidissimam
1087 1292 1199 1354 aquam
1224 1273 1263 1336 de
1287 1278 1379 1354 puteo
1403 1278 1500 1336 extra-

432 1362 530 1425 hebat
564 1362 710 1442 Cumque
732 1362 818 1425 multi
838 1361 1016 1425 accederent
1038 1366 1067 1425 et
1083 1363 1230 1441 biberent,
1254 1362 1307 1426 illo
1330 1363 1500 1440 accedente,

378 1468 419 1515 aaa
434 1451 574 1531 leprosus
598 1468 723 1513 manum
748 1452 868 1513 retraxit
883 1458 912 1513 et
926 1452 978 1513 ait:
1005 1451 1198 1525 „Quomodo
1214 1452 1254 1514 de
1270 1469 1363 1514 manu
1380 1452 1501 1532 leprosa

432 1541 478 1603 vis
508 1558 620 1620 aquam
655 1540 790 1620 recipere
824 1540 877 1620 qui
908 1559 926 1602 a
956 1540 1044 1603 malis
1077 1540 1287 1604 sacerdotibus
1322 1539 1500 1620 dedignaris

432 1629 567 1709 accipere
589 1630 816 1692 sacramenta?¹¹
859 1629 996 1692 Pessima
1019 1629 1111 1709 igitur
1134 1630 1336 1692 hereticomm
1361 1630 1501 1692 doctrina

433 1718 487 1798 qui
506 1737 543 1781 ex
562 1736 624 1780 una
643 1718 771 1780 ministri
793 1716 900 1780 dicunt
924 1717 1058 1798 pendere
1073 1718 1213 1780 virtutem
1230 1723 1500 1781 sacramentorum.

796 1868 847 1922 20.
887 1860 1025 1939 1=n0.
1054 1860 1135 1939 t9r.]

522 1966 634 2029 Audivi
658 1967 698 2029 de
720 1966 857 2047 quodam
885 1966 999 2031 rustico
1027 1967 1081 2046 qui
1110 1966 1240 2029 nutritus
1268 1971 1330 2029 erat
1356 1966 1501 2031 intumo

379 2075 420 2121 roo
436 2055 511 2117 etin
528 2056 713 2119 stercoribus
732 2056 920 2132 animalium,
943 2060 1060 2118 etcum
1080 2056 1235 2119 transisset
1255 2074 1353 2135 prope
1374 2056 1501 2136 apothe-

434 2144 553 2220 cariam,
582 2144 636 2207 ubi
664 2144 781 2224 species
803 2145 966 2207 aromatica
994 2145 1175 2222 terebantur,
1206 2162 1271 2207 non
1294 2144 1399 2207 valens
1421 2144 1501 2207 terre

433 2232 563 2295 odorem
594 2233 709 2294 corruit
743 2234 829 2312 quasi
867 2233 1035 2296 semivivus
1066 2252 1123 2295 nec
1157 2233 1256 2313 potuit
1289 2234 1502 2296 convalescere

432 2324 484 2382 aut
506 2320 680 2398 confortari,
703 2320 805 2384 donec
826 2326 964 2402 portatus
986 2322 1025 2383 ad
1044 2321 1175 2385 domum
1198 2340 1285 2385 suam
1309 2322 1347 2384 ad
1371 2321 1500 2385 tetorem

433 2408 510 2470 tumi
533 2414 562 2471 et
584 2413 753 2471 stercorum
770 2415 977 2473 reverteretur.
1014 2411 1054 2473 lta
1078 2410 1204 2490 quidam
1228 2411 1272 2473 sic
1294 2410 1405 2473 assueti
1429 2416 1502 2474 sunt

378 2516 420 2564 too
433 2496 529 2559 fetore
563 2502 593 2559 et
625 2497 835 2561 immundiciis
872 2504 1065 2579 peccatorum
1097 2500 1183 2579 quod
1218 2500 1338 2562 bonurn
1369 2499 1500 2563 odorem

432 2586 519 2649 verbi
545 2586 603 2648 Dei
626 2586 775 2649 sustinere
802 2604 867 2649 non
890 2592 1029 2667 possunt.

796 2738 847 2792 ar.
887 2729 942 2809 [=
966 2730 1026 2793 No.
1051 2730 1136 2809 zon]

524 2853 576 2915 liii
612 2853 714 2916 miseri
744 2858 773 2917 et
805 2854 916 2917 incauti
956 2854 1099 2918 homines
1129 2854 1245 2917 similes
1274 2857 1347 2917 sunt
1377 2854 1500 2917 cuidam

434 2942 547 3005 misero
577 2942 642 3005 seni
666 2943 720 3022 qui
750 2942 832 3006 duos
863 2944 995 3007 habebat
1024 2943 1144 3018 amicas,
1175 2960 1269 3005 unam
1299 2943 1443 3022 iuvenem
1472 2950 1502 3007 et

433 3031 523 3094 aliam
546 3049 663 3095 senem.
708 3031 808 3095 Senex
830 3032 953 3095 volebat
975 3037 1009 3095 ut
1030 3032 1164 3096 amasius
1195 3032 1262 3112 eius
1284 3032 1502 3095 assimilaretur

380 3121 475 3195 noei3
499 3120 583 3183 unde
606 3120 733 3199 quando
757 3121 788 3183 in
811 3122 931 3201 gremio
954 3139 1013 3184 suo
1036 3121 1215 3198 dormiebat,
1243 3120 1370 3203 capillos
1393 3122 1501 3201 nigros

434 3210 462 3272 ei
491 3209 682 3285 subtrahens,
712 3210 801 3273 albos
831 3229 868 3272 ex
897 3210 1012 3272 canicie
1043 3210 1085 3271 illi
1116 3210 1315 3289 relinquebat
1362 3210 1501 3284 Quando

435 3316 508 3361 vero
531 3298 705 3361 dormiebat
734 3299 765 3360 in
796 3299 915 3377 gremio
943 3298 1074 3379 junioris
1103 3298 1208 3374 amice,
1240 3298 1298 3376 illa,
1329 3299 1437 3363 volens
1468 3304 1502 3362 ut

433 3387 554 3466 juvenis
584 3392 749 3467 appareret,
787 3405 881 3451 canos
910 3387 1037 3467 capillos
1068 3388 1094 3449 ei
1124 3387 1329 3465 subtrahebat,
1367 3408 1404 3452 ex
1435 3406 1500 3468 quo

434 3475 541 3538 accidit
564 3476 650 3555 quod
674 3479 756 3539 totus
778 3475 929 3555 depilatus
958 3481 1019 3538 tam
1042 3476 1130 3539 albos
1153 3494 1246 3555 quam
1271 3476 1378 3556 nigros
1400 3478 1501 3541 crines

379 3564 543 3627 ruamisit.
591 3565 632 3625 lta
654 3565 763 3627 aocidit
785 3565 844 3627 hiis
868 3564 987 3628 miseris
1018 3564 1188 3628 marinariis
1218 3583 1299 3645 quos
1327 3566 1500 3629 meretrices

432 3652 567 3731 spoliant
588 3656 618 3714 et
640 3658 819 3732 emungunt.

796 3802 847 3859 22.
888 3794 942 3874 [=
967 3796 1026 3859 No.
1051 3794 1135 3876 aaa]

526 3918 574 3980 De
596 3917 655 3979 alia
677 3919 766 3980 etiam
789 3918 893 3982 audivi
917 3920 1012 3998 quod,
1044 3938 1114 3983 cum
1137 3921 1275 3983 transiret
1302 3938 1357 4001 per
1379 3925 1499 4002 pratum

434 4006 592 4088 quoddam
623 4024 694 4069 cum
724 4007 792 4070 viro
819 4025 886 4085 suo,
918 4008 994 4071 dixit
1016 4009 1063 4070 vir
1085 4008 1164 4087 ejus:
1198 4010 1289 4073 „Hoc
1311 4014 1431 4089 pratum
1456 4015 1501 4073 est

435 4098 605 4159 falcatum.¹¹
664 4096 703 4157 nt
737 4095 800 4157 illa:
837 4098 957 4163 „immo
988 4102 1033 4159 est
1058 4102 1212 4159 tonsum.¹¹
1276 4098 1395 4162 „Immo
1422 4098 1499 4161 ialce

380 4202 421 4248 rao
435 4190 568 4248 secatum
599 4188 672 4260 est,a
704 4184 745 4245 ait
775 4184 901 4245 maritus
932 4184 1006 4262 eius,
1035 4190 1082 4248 „et
1104 4184 1275 4247 falcatum.¹‘
1330 4186 1501 4265 Respondit
