3584 4884
700 464 942 521 —149—

214 630 423 692 iamDomina
452 632 510 694 hec
532 632 663 696 audiens
692 633 769 696 dixit
796 635 907 698 ancille
934 654 1005 698 sue:
1043 636 1230 701 „Occidalur
1257 638 1357 718 gallus

277 718 367 781 illel⁴¹
403 720 441 781 El
462 720 508 782 sic
530 720 645 783 lactum
660 727 716 785 est.
751 724 907 804 Tempore
922 724 1028 787 debito
1044 730 1114 805 posl
1129 726 1186 789 hec
1200 727 1356 789 secundus

276 807 382 885 gallus
404 808 546 872 cantauit
592 810 645 871 nn
665 811 793 874 domina
815 813 941 875 ancille:
976 814 1083 887 „Quid
1106 814 1180 877 dicit
1201 815 1301 894 gallus
1324 815 1355 877 in

277 902 370 958 canlu
395 898 500 959 suo?u
548 898 600 960 nit
622 900 744 962 ancilla:
778 901 849 979 „Sic
870 901 956 964 dicii:
984 901 1103 965 ‘Socius
1126 921 1214 966 meus
1236 904 1356 967 occisus

277 989 325 1047 est
348 1003 408 1065 pro
431 987 564 1063 veritate,
588 991 701 1067 elego
723 994 846 1069 paratus
868 1008 939 1053 sum
963 991 1044 1053 mori
1067 1010 1125 1071 pro
1143 992 1211 1055 eius
1232 994 1354 1055 amore!

217 1074 420 1153 mullnglicis
442 1075 560 1138 verbis:

587 1178 636 1249 My
655 1178 740 1234 fallau
758 1179 804 1235 lor
819 1195 852 1251 ys
868 1196 996 1237 sozesau

588 1250 664 1321 llayl
681 1250 744 1321 ylor
760 1250 785 1307 is
803 1250 842 1321 lyl
858 1267 896 1307 an
915 1252 955 1323 lyl
972 1252 1013 1307 lul
1032 1252 1103 1308 lau·

277 1359 329 1420 nit
359 1359 503 1422 domina:
538 1360 728 1425 „Occidalur
756 1366 786 1423 el
816 1362 917 1440 gallus
948 1362 1033 1425 illel*¹
1082 1364 1142 1443 (BL
1169 1364 1272 1443 loir.)
1320 1366 1356 1427 El

278 1448 324 1510 sic
338 1446 455 1509 facium
471 1452 526 1511 csl.
556 1448 630 1512 Cito
646 1455 716 1529 posi
731 1451 789 1513 hec
803 1451 916 1513 tercius
930 1452 1031 1531 gallus
1046 1452 1185 1515 mniauil.
1218 1453 1354 1516 Domina

218 1550 351 1598 micum
376 1536 438 1600 hoc
460 1537 604 1614 audisset,
629 1537 705 1600 dixit
725 1538 848 1602 ancille:
875 1540 933 1604 „Et
946 1540 1022 1619 quid
1043 1540 1117 1603 dicil
1138 1542 1237 1621 gallus
1260 1542 1351 1604 ille?⁴¹

278 1624 466 1705 Respondit:

474 1727 577 1797 »Audi
597 1728 669 1797 vide,
688 1733 756 1798 lace,
774 1730 797 1787 si
816 1734 848 1786 iu
866 1730 908 1786 vis
926 1730 1019 1787 viuere
1038 1730 1067 1786 in
1086 1734 1166 1803 pace!

278 1821 418 1901 Anglicis
441 1822 562 1884 verbis:

494 1924 535 1979 Yr
553 1940 590 1979 an
608 1940 639 1981 se
656 1940 692 1980 an
710 1924 795 1996 dolye
811 1925 899 1997 slylle‚

220 2012 271 2057 m)
495 1994 586 2067 cnyn
602 2011 660 2067 you
678 1996 764 2067 woylt
781 1996 811 2051 al
826 1996 854 2068 yi
873 2012 953 2067 pesse
970 2011 1006 2051 an
1024 1996 1050 2051 al
1069 1996 1096 2069 yi
1115 1996 1197 2068 wyll·

277 2088 328 2149 nit
350 2087 494 2151 domina:
523 2089 619 2153 „Non
643 2088 800 2152 occidatur
821 2090 922 2169 gallus
945 2089 1029 2151 ille!u
1068 2091 1104 2152 El
1125 2090 1169 2153 sic
1184 2090 1283 2170 gallus
1299 2092 1354 2154 isle

278 2178 414 2239 saluatus
436 2181 489 2239 esl

620 2452 699 2558 Cap.
725 2485 788 2541 isa
814 2478 874 2557 (Bu
903 2479 1018 2558 men).

614 2614 658 2670 De
676 2614 848 2685 carpenlario
866 2619 893 2670 et
912 2614 1032 2671 camisia.

370 2764 483 2827 Gallus
506 2763 648 2842 regnauil
670 2763 810 2843 prudens
823 2782 860 2826 ac
874 2768 985 2843 poiens
1000 2763 1097 2841 valde,
1121 2764 1176 2843 qui
1193 2764 1351 2845 quoddam

279 2852 432 2933 palacium
464 2852 708 2932 pulcherrimum
741 2856 918 2915 construere
950 2852 1081 2915 uolebat
1128 2854 1197 2915 Eral
1224 2858 1297 2917 iunc
1320 2854 1352 2917 in

219 2942 414 3021 ianimpeno
437 2940 566 3020 quidam
590 2941 806 3022 carpentarius,
831 2940 958 3004 nomine
974 2941 1092 3021 Tyrius,
1116 2942 1237 3005 subtilis
1254 2943 1351 3022 valde,

278 3048 375 3111 quem
400 3030 569 3109 imperator
591 3047 649 3110 pro
672 3030 791 3109 palacio
805 3030 1015 3093 construendo
1031 3030 1183 3093 conuenit.
1214 3030 1351 3105 Quidam

279 3137 356 3182 vero
380 3119 470 3181 miles
492 3118 525 3180 in
554 3118 687 3199 imperio
710 3123 780 3195 enai
813 3119 867 3198 qui
896 3119 1055 3198 pulchram
1086 3119 1181 3181 liliam
1212 3120 1351 3184 habebat

280 3208 374 3270 Miles
396 3225 468 3269 cum
491 3208 588 3270 semel
611 3208 644 3269 in
667 3211 760 3270 siralu
784 3224 843 3270 suo
871 3208 980 3270 iaceret
1002 3211 1031 3270 el
1053 3207 1093 3270 de
1116 3208 1180 3271 lilia
1202 3226 1258 3271 sua
1280 3228 1351 3290 pru

280 3295 440 3358 mouenda
463 3296 570 3358 iniime
593 3297 747 3376 cogitaret,
769 3297 811 3358 ail
833 3296 921 3358 vxori
944 3314 1012 3358 sue:
1048 3297 1241 3376 „Karissima
1274 3300 1351 3379 quid

219 3385 336 3449 iasulibi
359 3385 483 3447 videiur
505 3385 545 3447 de
568 3385 637 3463 hoc,
661 3386 748 3464 quod
772 3386 832 3447 iam
855 3384 1014 3465 cogitaui?
1050 3386 1101 3448 lisl
1123 3404 1203 3449 vnus
1226 3406 1351 3468 carpen-

278 3474 376 3537 tarius
399 3474 431 3535 in
456 3491 555 3553 regno
583 3474 642 3536 isto
665 3474 786 3536 subtilis
808 3473 906 3536 valde.
952 3474 1047 3535 Michi
1071 3473 1192 3536 videtur
1221 3476 1350 3559 bonum,

278 3568 312 3626 vl
334 3563 432 3624 liliam
449 3567 585 3626 nostram
605 3562 633 3623 ei
649 3562 761 3624 demus
776 3562 807 3624 in
822 3579 958 3640 uxorem,
983 3562 1055 3641 quia
1078 3580 1134 3643 per
1155 3564 1350 3631 sublililalem

278 3668 369 3716 suam
392 3651 531 3730 acquiret
552 3650 612 3713 sibi
636 3654 666 3712 et
694 3650 759 3712 filie
782 3655 886 3713 nostre
909 3651 1185 3714 habundanciam.‘¹
1225 3654 1264 3717 Al
1287 3656 1350 3720 illa:

282 3741 429 3805 ‚Bonum
462 3739 523 3815 (BL
551 3740 657 3818 lo9r.)
688 3743 734 3801 esi
764 3739 825 3801 hoc
853 3742 1056 3819 attemptare.u
1105 3741 1195 3805 Miles
1225 3762 1352 3826 carpen-

217 3829 392 3893 maurium
415 3826 540 3890 uocauit
561 3831 592 3889 el
613 3828 655 3889 ait
676 3828 717 3889 ei:
743 3827 937 3905 nl<arissimer
956 3832 1056 3908 pelea
1072 3830 1173 3909 nobis,
1197 3833 1351 3915 quidquid

278 3916 426 3993 volueris,
450 3916 538 3995 quod
562 3916 602 3978 sil
623 3915 778 3995 possibile,
802 3920 831 3977 el
845 3915 989 3979 dabimus
1004 3918 1068 3996 libi,
1092 3918 1131 3981 iia
1146 3924 1247 3983 lamen
1263 3925 1351 4003 quod

278 4006 376 4068 filiam
401 4009 539 4067 nostram
555 4022 660 4067 sumas
675 4004 707 4065 in
723 4005 885 4066 vxoreml⁴¹
924 4004 976 4067 llle
992 4007 1162 4087 respondit:
1190 4012 1353 4077 „libenter

278 4094 427 4176 peticioni
451 4096 551 4155 vestre
565 4092 774 4155 satisfaciam.u
809 4092 1034 4157 Conuenerunt
1049 4095 1079 4157 in
1095 4114 1202 4177 vnum,
1225 4118 1352 4182 carpen.

277 4184 375 4247 lan'us
398 4199 469 4245 cam
492 4182 523 4243 in
547 4198 674 4244 uxorem
698 4180 785 4242 duxit
799 4198 869 4243 cum
894 4200 1006 4262 magna
1027 4184 1248 4266 solempnitate.
1281 4192 1353 4257 Hoc
