3584 4884
846 481 891 491 —
942 452 1096 510 208—

388 638 430 688 tu
444 639 500 703 per
529 620 662 687 civitates
688 626 718 686 et
738 622 858 687 castella
887 624 1024 705 cogitans
1053 644 1086 689 se
1108 626 1231 690 tandem
1262 627 1302 691 ad
1325 628 1509 710 episcopum
1634 702 1635 709 ,

443 711 646 776 hereticorum
679 712 831 792 accedere,
864 717 895 777 ef
924 718 996 778 tunc
1026 733 1083 795 per
1106 733 1179 778 eum
1202 715 1316 780 diceret
1337 736 1371 781 se
1393 718 1510 783 videre.
1634 712 1635 741 ³

443 800 508 875 Qui
542 818 612 863 cum
647 800 701 863 diu
732 801 776 864 sic
804 801 925 866 fecisset
954 807 983 867 et
1012 802 1051 867 ad
1082 804 1169 867 illum
1196 805 1319 869 tandem
1343 807 1510 887 accederet,

443 888 560 952 lumine
582 890 711 953 totaliter
733 895 778 953 est
799 891 947 972 privatus;
971 897 1000 955 et
1021 897 1143 957 coactus
1166 895 1341 959 necessitate
1364 896 1403 959 ad
1427 896 1510 977 epis-
1634 934 1635 941 κ

442 996 557 1059 copum
580 979 815 1043 christianorum
837 980 989 1060 accedere,
1019 986 1049 1045 et
1071 984 1202 1060 accessit,
1229 984 1318 1063 cuius
1341 985 1456 1049 meritis
1480 990 1511 1049 et

388 1082 430 1132 no
445 1067 587 1150 precibus
615 1068 716 1131 visum
744 1070 864 1150 recepit
922 1070 1003 1147 item,
1038 1070 1077 1134 dc
1104 1073 1248 1136 mandato
1271 1074 1417 1154 episcopi,
1452 1093 1511 1155 per

443 1174 505 1237 que
527 1156 656 1220 finxerat
677 1175 711 1222 se
733 1176 839 1221 cecum
855 1158 1006 1238 discurrit,
1028 1164 1058 1223 et
1072 1160 1211 1224 fraudem
1228 1180 1321 1241 quam
1338 1162 1511 1227 intenderat

443 1245 540 1309 facere
555 1246 778 1311 etmiraeulum
790 1265 929 1328 superse
941 1248 1053 1312 factum
1067 1250 1214 1314 omnibus
1230 1251 1403 1331 publicavit,
1427 1256 1456 1316 et
1475 1253 1509 1315 in

443 1333 506 1399 tide
529 1334 637 1399 fideles
659 1336 842 1403 confortavit
862 1341 893 1401 et
915 1337 1056 1402 infideles
1078 1340 1234 1402 convertit

819 1487 870 1543 το.
919 1480 973 1560 [=
997 1480 1026 1545 s.
1052 1480 1135 1561 suo]

535 1604 648 1667 Mulier
681 1604 823 1685 quedam,
868 1610 992 1669 mortuo
1026 1606 1143 1685 marito,
1185 1606 1285 1670 noluit
1318 1606 1459 1671 recedere
1490 1626 1509 1671 a

390 1693 573 1757 nummulo.
625 1694 729 1770 Quam
752 1693 861 1759 videns
891 1694 987 1772 mites,
1018 1695 1194 1759 custodiens
1217 1714 1315 1777 prope
1337 1696 1440 1760 locum
1465 1697 1509 1760 Ia-

445 1787 574 1862 tronem,
603 1783 643 1846 ad
665 1802 733 1847 eam
756 1784 887 1861 accessit,
917 1787 947 1847 et
969 1784 1080 1847 mulier
1101 1784 1168 1864 eius
1190 1785 1338 1848 voluntati
1361 1785 1508 1849 obedivit

446 1873 579 1937 Etcum
609 1872 721 1937 rediret
750 1878 780 1938 et
810 1874 957 1940 latronem
987 1873 1141 1937 sublatum
1169 1873 1325 1952 inveniret,
1355 1874 1445 1937 rediit
1466 1874 1507 1937 ad
1636 1876 1637 1953 t

445 1962 552 2043 ipsam,
575 1962 680 2027 dicens
695 1962 782 2044 quod
797 1967 894 2027 toturn
906 1962 1054 2027 amiserat
1099 1962 1171 2037 Que
1181 1963 1234 2026 ait:
1256 1963 1356 2041 Absit,
1380 1964 1509 2027 maritus

447 2069 535 2116 meus
569 2056 668 2116 rectus
701 2057 731 2116 ct
764 2070 869 2117 recens
898 2056 955 2129 est,
989 2052 1214 2132 suspendemus
1243 2070 1313 2115 eum
1337 2052 1408 2116 loco
1431 2052 1509 2133 ejus.
1636 2066 1637 2069 ’

389 2156 432 2204 ano
447 2141 512 2215 Qui
527 2159 598 2205 cum
610 2145 772 2222 portarent,
794 2142 836 2206 ait
850 2142 950 2205 miles:
975 2142 1109 2207 Unicum
1125 2140 1236 2222 pedem
1253 2140 1392 2205 habebat
1434 2141 1509 2216 Que

444 2230 543 2295 statim
567 2230 678 2311 pedem
700 2231 837 2295 abscidit
882 2231 979 2294 Paulo
1003 2235 1084 2311 post:
1108 2229 1295 2294 Monoculus
1317 2234 1388 2295 erat
1434 2230 1509 2305 Que

444 2320 544 2384 statim
560 2319 639 2383 eruit
653 2321 788 2384 oculum.
834 2320 920 2384 Post:
944 2320 1066 2398 Calvus,
1090 2319 1196 2399 inquii,
1213 2323 1284 2383 erat
1319 2318 1392 2394 Que
1407 2320 1508 2383 statim
1636 2328 1637 2361 ³

444 2408 590 2561 gepitagrl't
611 2427 692 2509 eum.
748 2409 821 2473 Ideo
850 2410 882 2472 in
905 2427 1010 2473 amore
1033 2408 1170 2472 mulieris
1192 2426 1257 2473 non
1280 2412 1325 2473 est
1347 2407 1509 2473 confiden-

467 2516 520 2561 um
573 2515 642 2561 rcur.
