3584 4884
838 409 1059 466 -78-

416 599 480 644 rem
508 579 650 644 ascendit.
696 581 780 660 Aper
813 599 887 644 vero
922 581 1035 661 incepit
1066 581 1210 643 arborem
1244 577 1418 654 corrodere,
1451 577 1503 639 in''

360 673 533 732 uolantum
558 668 643 748 quod
668 669 829 732 videbatur
852 671 966 750 pastori
989 669 1075 749 quod
1098 670 1192 732 arbor
1206 668 1266 731 cito
1282 666 1410 730 caderet
1449 666 1482 727 ln

415 759 525 821 arbore
547 762 648 820 aulem
672 761 735 820 erat
757 759 845 839 copia
868 759 993 824 fructus.
1041 758 1148 821 Pastor
1175 757 1214 820 de
1237 756 1337 819 fructu
1361 755 1484 834 collegit

415 847 504 909 etad
528 864 637 927 apmm
662 847 801 926 proiecit;
824 865 899 928 aper
914 866 988 911 vero
1004 847 1179 910 commedit
1215 845 1323 908 Pastor
1337 845 1484 908 continue

416 935 550 1018 proiecit,
582 936 621 997 ita
652 935 738 1015 quod
768 955 842 1016 aper
872 941 919 1000 est
948 937 1081 1017 repletus
1111 941 1140 998 et
1169 934 1207 997 ad
1238 939 1349 996 terram
1384 933 1483 996 iacuit.

417 1025 487 1087 Hoc
510 1023 682 1104 percipiens
705 1029 808 1104 pastor
831 1025 976 1106 paulatim
1000 1024 1159 1088 descendit
1181 1028 1296 1087 etcum
1313 1041 1373 1085 vna
1388 1040 1483 1084 manu

360 1131 402 1175 no
416 1131 525 1192 aprum
549 1113 709 1193 scalpebat,
740 1131 810 1177 cum
841 1114 900 1176 alia
922 1132 955 1177 se
979 1133 1033 1194 per
1055 1114 1198 1177 arborem
1226 1112 1331 1174 tenuit
1378 1111 1486 1174 Pastor

415 1219 524 1281 aprum
556 1201 588 1263 in
619 1205 735 1264 tantum
767 1202 928 1282 scalpebat,
959 1202 1046 1282 quod
1077 1202 1214 1265 dormire
1242 1201 1363 1280 incepit
1414 1201 1487 1262 lloc

416 1289 524 1352 videns
555 1293 658 1370 pastor
688 1291 804 1370 priuate
834 1291 989 1353 cultellum
1020 1292 1146 1354 extraxit
1176 1295 1205 1353 et
1231 1307 1341 1371 aprum
1365 1287 1485 1352 occidit

417 1379 460 1528 litt
475 1378 569 1528 lfiliqm
594 1379 785 1458 imperatoris
815 1379 1015 1460 desponsauit
1044 1384 1073 1442 et
1096 1383 1167 1460 post
1188 1379 1256 1442 eius
1279 1382 1408 1441 mortem
1432 1396 1486 1440 rex

416 1484 448 1530 es
494 1485 528 1529 ac
541 1485 585 1530 us.

563 1643 673 1724 [Tertia
697 1646 833 1708 namacio
857 1645 941 1708 tercii
965 1645 1113 1726 magistri]
1140 1646 1200 1725 (BL
1227 1644 1341 1722 ison).

902 1764 996 1836 [ausi

360 1927 402 1972 rao
506 1911 594 1975 Ciuis
621 1912 747 1992 quidam
776 1917 839 1975 erat
866 1913 897 1974 in
926 1913 1045 1976 ciuitate
1071 1913 1208 1993 [Roma],
1238 1913 1293 1993 qui
1324 1911 1487 1991 quandum

416 2001 513 2080 picam
531 2001 669 2078 habebat,
683 2020 775 2081 quam
792 2002 923 2064 multum
940 2002 1052 2077 dilexit,
1069 2002 1234 2064 intantum
1251 2000 1339 2081 quod
1355 2000 1489 2079 singulis

414 2088 525 2150 diebus
549 2089 686 2168 linguam
711 2091 870 2170 ebraycam
895 2109 962 2153 earn
985 2090 1129 2167 docebat,
1160 2094 1190 2152 et
1211 2095 1271 2152 tam
1297 2089 1431 2170 perfecte
1455 2089 1487 2150 in

415 2176 519 2254 lingua
544 2177 594 2238 illa
617 2183 680 2240 erat
702 2178 817 2256 edocta,
841 2179 929 2258 quod
952 2179 1024 2242 satis
1046 2184 1150 2259 aperte
1174 2179 1368 2258 loquebatur.
1415 2177 1489 2240 Pica
1599 2239 1606 2245 .

415 2265 477 2340 ista,
510 2264 663 2342 quidquid
695 2271 811 2346 poterat
840 2268 957 2344 audire,
985 2268 1099 2344 videre,
1134 2272 1233 2330 totum
1264 2267 1397 2330 domino
1427 2284 1488 2329 suo

359 2364 401 2412 aas
416 2351 557 2413 narrauit.
583 2351 671 2416 Ciuis
687 2372 761 2416 vero
776 2356 932 2434 quendam
949 2357 1145 2418 iuuenculam
1162 2357 1193 2418 in
1210 2374 1339 2419 vxorern
1356 2355 1490 2418 habebat

415 2439 582 2518 pulchram,
606 2441 684 2504 sicut
707 2459 766 2504 uos
789 2443 915 2521 habetis,
939 2463 1000 2523 que
1017 2462 1081 2508 non
1097 2444 1204 2506 dilexit
1224 2445 1368 2507 maritum
1384 2462 1488 2520 suum,

414 2527 565 2605 quianon
583 2532 701 2607 poterat
723 2531 750 2592 ei
775 2531 894 2610 placere
918 2551 974 2612 per
996 2533 1111 2610 omnia,
1135 2551 1174 2596 eo
1189 2533 1277 2613 quod
1294 2537 1406 2613 potens
1422 2551 1487 2595 non

414 2619 476 2676 erat
498 2615 636 2678 debitum
661 2619 780 2680 carnale
803 2618 940 2698 reddere,
964 2622 1116 2700 quociens
1131 2622 1262 2685 volebat
1301 2622 1417 2684 Mulier
1432 2621 1489 2684 ista

413 2702 568 2780 quendam
599 2705 693 2767 alium
718 2707 777 2769 sub
808 2709 917 2770 marito
940 2727 1000 2772 suo
1029 2709 1137 2772 dilexit
1163 2715 1194 2772 et
1220 2710 1308 2773 omni
1339 2715 1489 2790 tempore,

358 2805 400 2851 cao
415 2807 478 2868 quo
502 2791 628 2855 maritus
650 2793 690 2855 ad
714 2795 940 2874 negociandum
965 2801 1047 2859 extra
1070 2799 1223 2861 ciuitatem
1248 2803 1397 2879 pergeret,
1426 2803 1489 2860 tam

413 2877 473 2940 cito
496 2896 553 2957 pro
568 2882 686 2944 amasio
701 2900 760 2946 suo
777 2883 919 2961 mittebat,
944 2890 978 2946 ut
994 2903 1100 2948 secum
1117 2888 1206 2949 omni
1222 2892 1313 2950 nocte
1328 2887 1490 2949 dormiret.

415 2965 493 3042 Pica,
537 2985 607 3028 cum
640 2969 700 3032 hoc
729 2971 865 3048 vidisset,
908 2977 1005 3035 totum
1037 2974 1069 3036 in
1107 2975 1246 3038 aduentu
1280 2975 1404 3038 domini
1439 2976 1489 3038 sui

413 3053 554 3130 narrauit,
578 3055 742 3120 intantum
760 3059 846 3137 quod
863 3059 945 3121 lama
968 3079 1024 3140 per
1038 3065 1133 3124 totam
1151 3064 1304 3126 ciuitatem
1329 3064 1491 3127 laborabat

412 3139 452 3201 de
467 3141 533 3202 eius
554 3143 714 3208 adulterio.
747 3145 834 3208 Ciuis
849 3165 924 3210 vero
939 3166 1034 3228 super
1048 3150 1111 3213 boc
1124 3153 1232 3231 sepius
1247 3171 1316 3214 eam
1331 3153 1491 3232 arguebat

357 3241 398 3284 aaa
414 3225 464 3324 llla
480 3245 554 3289 vero
570 3233 744 3310 respondit:
771 3235 836 3296 „Tu
853 3235 953 3297 credis
975 3238 1043 3316 pice
1063 3242 1116 3302 tue
1138 3240 1312 3318 maledicte;
1336 3241 1491 3320 quamdiu

412 3329 478 3388 prca
501 3317 552 3412 trra
575 3317 659 3394 vluit,
689 3337 811 3398 semper
837 3321 993 3386 discordia
1020 3325 1100 3388 inter
1127 3346 1187 3390 nos
1210 3330 1295 3390 erit.⁶⁴
1345 3329 1413 3403 Qui
1435 3331 1490 3393 ait:

414 3395 579 3496 »Domina
604 3404 671 3481 pica
695 3407 789 3468 nescit
811 3411 947 3486 mentiri,
969 3413 1024 3474 sed
1048 3414 1129 3477 sicut
1149 3417 1235 3478 videt
1256 3423 1287 3479 et
1308 3418 1405 3495 audit,
1429 3419 1493 3482 hoc

411 3483 502 3542 mrchr
528 3493 637 3550 narrat.
678 3491 713 3552 Et
736 3493 806 3555 ideo
831 3497 930 3574 magis
952 3499 980 3560 ei
1003 3501 1098 3564 credo
1122 3521 1217 3582 quam
1241 3506 1327 3568 riba«
1369 3507 1493 3570 Accidit

410 3567 503 3666 semel
528 3573 615 3648 quod
639 3575 716 3640 ciuis
738 3579 776 3640 ad
801 3587 901 3660 partes
923 3585 1112 3667 longinquas
1135 3595 1271 3670 perrexit
1293 3613 1353 3674 pro
1374 3614 1492 3658 merca-

355 3667 396 3712 uo
411 3653 558 3754 crombusq
585 3665 803 3740 perpetrandis
860 3669 912 3730 llla
940 3674 1040 3736 statim
1076 3679 1228 3742 nuncium
1263 3683 1305 3743 ad
1334 3685 1492 3747 amasium

409 3737 580 3816 destinauit,
612 3752 643 3808 vt
673 3749 740 3810 sine
768 3752 827 3828 (Bt
856 3757 962 3829 tsou.)
993 3761 1130 3826 ulteriori
1160 3767 1317 3832 dilacione
1347 3772 1389 3833 ad
1420 3792 1491 3835 cam

408 3829 532 3922 veniret.
565 3829 617 3892 llle
633 3851 707 3896 vero
724 3839 876 3916 usquead
894 3849 1014 3906 noctem
1031 3849 1158 3927 distulit,
1182 3873 1223 3918 ne
1245 3858 1288 3920 ab
1304 3858 1493 3924 hominibus

407 3909 571 3976 videretur.
618 3917 700 3982 Cum
732 3939 794 3984 nox
824 3925 957 4001 sereser,
994 3933 1035 3994 ad
1064 3955 1218 4004 cameram
1249 3948 1367 4010 amasie
1397 3951 1491 4027 venit,

406 3995 445 4096 ad
475 4003 595 4074 portam
627 4005 774 4084 pulsabat.
819 4009 915 4074 Adest
946 4015 997 4080 illa
1028 4036 1131 4100 parata
1161 4035 1193 4091 et
1221 4033 1277 4095 ait:
1314 4037 1494 4101 ‚Audacter

353 4101 394 4146 an
409 4085 499 4144 intra!
548 4087 651 4154 Nemo
674 4097 702 4156 te
725 4093 833 4156 uidet·
883 4097 948 4170 eri
970 4104 1024 4166 ult:
1050 4109 1144 4176 „Pica
1167 4115 1220 4180 illa
1243 4122 1409 4188 maledicta
1432 4146 1495 4190 nos
