3584 4884
865 444 1109 506 -154-

456 606 603 687 solebant,
628 613 766 691 premisit
787 620 817 678 et
838 616 879 680 ita
901 618 940 681 de
963 620 1054 684 exilio
1078 623 1180 689 locum
1195 647 1338 695 amenum
1355 636 1523 716 constituit,

455 698 486 757 et
508 714 574 776 nos,
606 700 660 779 qui
689 707 910 781 postmortem
940 727 1003 771 non
1032 714 1200 791 poterimus
1222 718 1361 800 villicare,
1395 727 1523 804 permit-

455 788 556 887 tamus
576 793 646 939 ange
677 790 782 854 taciem
815 800 949 859 nostram
974 816 1067 879 opera
1097 809 1198 867 sancta
1227 813 1467 877 conversationis
1490 820 1523 879 et

401 888 427 933 ro
455 889 612 939 mrsencor
635 896 663 941 re
686 926 693 940 .
718 928 724 941 .
749 929 788 945 ..

838 1034 867 1089 2.
906 1028 958 1108 [=
983 1030 1042 1094 uo.
1068 1034 1129 1113 20.]

542 1143 606 1219 Qui
637 1146 729 1227 igitur
764 1168 857 1231 prave
885 1156 1115 1221 consuetudinis
1149 1164 1319 1243 corruptela
1353 1171 1381 1229 et
1413 1171 1519 1233 multi-

450 1230 568 1297 tudinis
597 1237 739 1318 exemplo
769 1239 975 1322 decipiuntur,
1006 1245 1120 1310 similes
1149 1255 1221 1313 sunt
1248 1253 1369 1317 cuidam
1401 1260 1518 1323 rustico

451 1320 515 1399 qui,
547 1322 623 1387 dum
645 1344 760 1405 agnum
786 1335 919 1409 portaret
940 1333 978 1395 ad
1002 1336 1208 1416 vendendum,
1240 1342 1366 1420 quidam
1389 1348 1518 1428 trupha-

451 1412 501 1472 tor
528 1412 571 1475 ait
599 1415 691 1479 sociis
722 1416 798 1481 suis:
837 1421 955 1485 „Facite
988 1424 1073 1503 quod
1101 1424 1200 1489 dicam
1235 1431 1324 1495 vobis
1359 1438 1387 1496 et
1419 1438 1517 1515 gratis

397 1514 425 1561 oo
452 1498 637 1569 habebimus
658 1523 773 1585 agnum
797 1508 913 1571 illum.u
963 1512 998 1574 Et
1020 1514 1122 1593 posuit
1144 1534 1199 1580 eos
1222 1518 1252 1580 in
1284 1519 1413 1586 diversis
1435 1525 1516 1591 locis

451 1592 627 1673 separatim,
661 1612 757 1657 unum
791 1603 861 1676 post
889 1617 995 1663 unum.
1040 1602 1228 1669 Transeunte
1257 1613 1356 1672 autern
1389 1614 1514 1693 rustico,

451 1679 571 1759 primus
593 1684 645 1748 ait:
676 1685 814 1764 -rl-lom0,
845 1688 891 1751 vis
921 1689 1051 1753 vendere
1082 1710 1187 1756 canem
1219 1696 1346 1761 illum?“
1394 1702 1433 1764 nt
1460 1703 1514 1767 ille

451 1787 509 1850 pro
533 1772 663 1838 minimo
687 1775 834 1855 reputavit
853 1782 882 1840 et
905 1780 1056 1859 processit.
1090 1780 1170 1845 Cum
1194 1790 1293 1847 autem
1317 1789 1432 1853 veniret
1455 1792 1512 1855 ubi

449 1858 529 1925 alius
561 1864 665 1942 stabat,
695 1863 771 1927 dixit
800 1865 862 1928 ille:
899 1868 1026 1946 „Frater
1057 1870 1103 1933 vis
1134 1872 1208 1934 milri
1240 1876 1371 1939 vendere
1402 1897 1511 1943 canem

397 1965 425 2013 ao
452 1948 581 2015 illum?⁴⁴
618 1954 781 2033 „Domine
804 1956 897 2020 volite
921 1976 969 2021 me
993 1957 1124 2036 irridere,
1148 1978 1211 2025 non
1235 1963 1301 2027 fero
1324 1984 1429 2029 canem
1453 1970 1510 2032 sed

450 2057 595 2119 agnuml
643 2043 724 2107 Cum
748 2049 848 2107 autem
880 2046 962 2109 idem
985 2047 1093 2111 tercius
1116 2048 1247 2127 dixisset,
1277 2054 1356 2134 cepit
1378 2057 1511 2122 msticus

450 2129 571 2193 amirari
610 2139 639 2197 et
675 2134 861 2199 erubescere.
919 2136 1036 2210 Quarto
1073 2142 1173 2201 autem
1211 2145 1240 2202 et
1278 2143 1386 2221 quinto
1425 2146 1509 2210 idem

450 2217 631 2301 dicentibus,
654 2222 795 2303 cogitavit
817 2223 895 2287 inter
917 2244 950 2288 se
973 2225 1046 2305 quid
1071 2226 1130 2289 hoc
1145 2246 1211 2291 esse
1233 2236 1335 2309 posset
1358 2234 1443 2313 quod
1463 2240 1510 2299 tot

450 2308 592 2373 homines
615 2312 646 2375 in
670 2312 730 2375 hoc
752 2313 980 2377 concordabant
1008 2314 1092 2394 quod
1117 2334 1220 2379 canem
1245 2324 1274 2381 et
1303 2339 1365 2384 non
1389 2341 1505 2403 agnum

394 2414 422 2461 eo
449 2402 589 2479 portaret,
612 2406 642 2464 et
663 2400 784 2463 tandem
809 2402 1010 2481 opinionibus
1033 2404 1198 2468 multorum
1222 2409 1422 2489 acquiescens,
1449 2414 1505 2476 ait:

451 2488 565 2553 „Novit
589 2490 675 2554 Deus
705 2490 776 2570 quia
803 2491 964 2555 credebam
989 2492 1073 2572 quod
1106 2500 1183 2557 esset
1211 2514 1316 2576 agnus,
1347 2500 1400 2562 sed
1432 2502 1507 2580 quia

447 2577 530 2640 canis
552 2584 598 2641 est
619 2580 659 2643 de
681 2583 779 2643 cetero
803 2597 866 2643 non
891 2582 1020 2661 portabo
1044 2582 1162 2660 illum;¹¹
1196 2590 1233 2663 et,
1256 2587 1390 2666 projecto
1412 2608 1505 2669 agno,

448 2668 577 2731 recessit
623 2671 662 2733 At
684 2669 726 2731 illi
750 2669 884 2732 tulerunt
907 2689 977 2733 eum
1001 2676 1030 2733 et
1052 2672 1258 2736 comederunt

833 2818 860 2875 ³.
895 2813 949 2895 [.-.-
974 2814 1032 2876 uo.
1057 2814 1120 2894 aa]

535 2938 611 3003 Vani
640 2943 711 3004 sunt
740 2938 897 3018 [magistri]
923 2943 952 3001 et
978 2938 1146 3018 singulares
1175 2940 1228 3019 qui
1252 2958 1331 3003 nova
1360 2945 1389 3004 et
1416 2941 1502 3006 inau-

391 3045 419 3091 ao
446 3029 507 3092 dita
540 3029 718 3094 adinvenire
749 3028 897 3107 nituntur,
932 3028 1076 3109 probatos
1106 3032 1134 3089 et
1163 3028 1305 3108 antiquos
1339 3030 1501 3110 magistros

445 3118 532 3199 sequi
572 3120 721 3197 nolentes,
759 3137 829 3181 cum
868 3122 967 3181 tamen
1008 3117 1197 3180 Ecclesiastes
1231 3117 1319 3195 dicat,
1357 3119 1499 3201 xxxi[x].:

448 3208 673 3287 „Antiquomm
712 3208 850 3289 exquiret
885 3206 1034 3289 sapiens.¹¹
1095 3206 1142 3269 lsli
1170 3210 1269 3269 autem
1310 3207 1341 3269 in
1380 3210 1501 3288 magnis

443 3297 602 3361 ambulant
624 3305 653 3363 et
676 3300 706 3362 in
731 3298 922 3361 mirabilibus
945 3314 1099 3377 superse.
1146 3296 1178 3357 ln
1203 3296 1321 3375 magnis
1343 3297 1501 3361 ambulant

443 3387 496 3468 qui
520 3388 654 3466 cogitant
675 3387 836 3469 quomodo
868 3388 899 3451 in
931 3387 990 3449 hoc
1019 3386 1122 3449 seculo
1151 3384 1253 3465 magni
1282 3385 1448 3448 habeantur
1470 3392 1500 3450 et

388 3496 415 3541 to
441 3476 641 3555 dignitatibus
663 3477 844 3540 attollantur.
891 3478 924 3539 ln
949 3475 1139 3538 mirabilibus
1169 3492 1261 3555 super
1288 3492 1320 3536 se
1341 3475 1500 3539 ambulant

441 3565 494 3645 qui
518 3565 652 3643 cogitant
674 3566 802 3646 qualiter
816 3566 914 3628 iacere
929 3565 1047 3645 possint
1061 3564 1108 3627 vel
1124 3564 1224 3627 dicere
1239 3566 1338 3625 utrum
1356 3563 1499 3628 homines

439 3653 646 3717 ammirentur.
659 3657 772 3719 Verum
781 3654 963 3734 plerumque
973 3658 1088 3716 novaet
1099 3651 1232 3715 inaudita
1240 3652 1496 3731 finguntquibus

439 3743 507 3805 licet
518 3742 707 3806 incredibilia
718 3743 785 3820 sint,
798 3742 892 3805 iidem
905 3742 1169 3806 adhibentcuriosi
1183 3746 1211 3805 et
1221 3740 1322 3805 stolidi
1333 3740 1495 3818 auditores,

438 3830 553 3896 similes
575 3832 696 3894 cuidam
721 3832 839 3894 homini
863 3833 926 3912 qui,
943 3850 1012 3895 curn
1030 3831 1157 3912 cepisset
1176 3830 1399 3912 phylomenam,
1420 3829 1497 3893 dixit

383 3940 411 3986 ro
437 3922 465 3985 ei
481 3920 679 4002 phylomena:
698 3921 764 3986 „Tu
777 3921 863 3984 vides
875 3939 968 4000 quam
981 3921 1069 3984 valde
1080 3938 1148 3983 sum
1162 3938 1260 4000 parva,
1276 3918 1301 3981 si
1314 3936 1363 3980 me
1374 3917 1495 3981 occidas

437 4015 466 4074 et
488 4010 664 4074 commedas
695 4028 757 4073 non
782 4010 912 4072 multum
943 4010 1106 4073 comedum
1137 4006 1313 4088 assequeris,
1345 4006 1369 4069 si
1392 4010 1493 4069 autem

439 4101 491 4180 [io.
516 4098 596 4177 31¹⁰]
621 4099 705 4160 abire
729 4117 777 4159 me
800 4099 998 4177 permisseris,
1029 4097 1149 4162 docebo
1178 4102 1206 4159 te
1233 4095 1494 4175 sapientiamque

435 4188 582 4268 prodesse
605 4187 658 4247 tibi
683 4186 812 4247 multum
836 4187 975 4264 poterit«
1023 4187 1063 4247 At
1085 4185 1146 4245 ille:
1176 4186 1280 4246 “Doce
1303 4201 1351 4244 me
1374 4187 1403 4245 et
1425 4201 1492 4262 per-
