3584 4884
711 442 953 498 -127-

647 629 722 710 Cap.
751 638 810 692 112
837 631 896 710 (Bl.
921 632 1017 711 4tv.).

735 749 779 806 De
796 751 925 808 scacario.

386 877 560 941 Scacarium
585 878 676 942 habet
690 879 755 942 Vlll
773 883 893 959 puncta.
931 879 981 942 Ad
1005 880 1096 943 istum
1121 880 1229 943 ludum
1254 880 1365 943 ludunt

293 967 334 1029 Vl
352 966 507 1030 homines.
547 967 669 1030 Primus
693 967 832 1047 pedinus,
856 969 920 1048 qui,
944 986 1015 1030 cum
1032 969 1177 1049 procedit
1202 987 1266 1032 non
1282 970 1365 1032 vadit

236 1073 277 1118 cu
295 1056 355 1118 nisi
381 1073 478 1118 vnum
503 1060 660 1136 punctum,
685 1062 714 1120 et
729 1057 855 1136 quando
871 1057 955 1119 vadit
973 1057 1132 1120 lateraliter
1147 1077 1184 1120 ex
1198 1059 1257 1120 alia
1272 1064 1364 1138 parte,

294 1144 375 1224 rapit
396 1145 502 1221 alium,
532 1149 654 1208 etcum
678 1146 794 1208 venerit
823 1146 862 1208 ad
891 1150 1012 1223 metam,
1041 1146 1157 1208 litter!
1178 1146 1226 1209 vel
1251 1147 1363 1226 regina.

294 1233 460 1297 Secundus
483 1233 635 1313 alphinus,
667 1235 760 1297 currit
781 1235 838 1296 tria
865 1239 979 1315 puncta
1005 1253 1129 1298 sursum
1157 1240 1187 1298 et
1208 1236 1364 1299 deorsum.

294 1323 423 1385 Tercius
447 1322 535 1384 miles
557 1323 673 1386 vadens
690 1325 727 1386 lll
744 1328 856 1404 puncta
872 1324 1038 1386 lateraliter.
1073 1324 1210 1399 Quartus
1225 1325 1364 1403 rocchus,

295 1411 380 1474 vadit
404 1411 553 1474 omnibus
576 1411 678 1474 modis
702 1412 733 1474 in
758 1413 896 1492 longum,
930 1412 1024 1474 latum
1048 1419 1077 1476 et
1099 1414 1186 1493 capit,
1210 1412 1363 1493 quidquid

238 1517 280 1562 rso
296 1500 426 1562 inuenit
466 1500 601 1574 Quintus
625 1501 689 1578 lert,
714 1501 745 1563 ld
768 1506 813 1564 est
836 1502 951 1581 regina,
975 1519 1039 1564 non
1063 1502 1146 1564 vadit
1168 1502 1207 1564 de
1229 1503 1302 1565 albo
1324 1503 1363 1565 ad

296 1589 421 1668 nigrum
446 1594 476 1651 et
503 1590 629 1669 ponitur
657 1591 739 1652 iuxta
762 1608 865 1670 regem
890 1596 926 1667 et,
957 1591 1084 1670 quando
1109 1590 1221 1654 recedit
1242 1610 1260 1653 a
1284 1609 1364 1670 rege,

296 1679 422 1758 capitur.
462 1677 570 1741 Sextus
594 1696 654 1756 rex,
678 1679 759 1741 vadit
782 1683 850 1741 ante
874 1684 904 1741 et
926 1684 1006 1742 retro
1031 1684 1060 1742 et
1081 1699 1098 1741 a
1122 1680 1212 1742 latere
1235 1685 1265 1743 et
1286 1680 1365 1760 capit

296 1767 422 1846 vbique.
469 1767 529 1830 Sed
553 1767 680 1847 quando
709 1785 772 1830 non
796 1772 888 1846 curat,
922 1768 1014 1830 habet
1040 1769 1133 1831 sichel
1158 1773 1187 1830 et
1210 1769 1301 1846 math,
1332 1768 1363 1830 id

297 1860 342 1918 est
365 1855 531 1920 conclusus
553 1861 644 1936 atque
667 1860 783 1937 captus.

648 2051 724 2132 Cap.
752 2060 812 2114 114
839 2053 899 2130 (Bl.
924 2054 1018 2132 42r.).

549 2169 592 2226 De
610 2170 731 2242 quadam
751 2170 921 2243 phylomena
939 2175 966 2226 et
983 2171 1120 2243 sagitario.

240 2317 283 2362 too
389 2298 567 2378 Sagittarius
591 2299 717 2378 quidam
748 2301 900 2364 auiculam
925 2318 1051 2380 paruam
1075 2299 1207 2379 capiens,
1237 2299 1365 2362 nomine

298 2389 527 2468 phylomenam,
563 2391 592 2450 et
623 2407 693 2451 cum
725 2389 815 2451 vellet
848 2407 916 2452 eam
946 2388 1093 2464 occidere,
1128 2407 1190 2450 vox
1221 2388 1290 2451 data
1320 2393 1366 2452 est

298 2477 495 2558 phylomene,
526 2481 555 2538 et
585 2477 637 2538 ait:
673 2476 779 2550 „Quid
806 2477 860 2540 tibi
894 2477 1039 2557 proderit,
1070 2495 1090 2540 o
1122 2478 1226 2555 homo,
1257 2478 1283 2541 si
1315 2497 1365 2541 me

297 2566 469 2629 occideris?
516 2565 626 2644 Neque
664 2567 746 2628 enim
785 2571 922 2628 ventrem
957 2570 1044 2628 tuum
1079 2565 1119 2628 de
1154 2585 1218 2628 me⁴
1238 2567 1365 2647 implere

297 2655 423 2718 valebis.
462 2653 523 2717 Sed
539 2654 565 2716 si
581 2653 731 2716 dimittere
748 2672 797 2717 me
813 2655 914 2731 velles,
936 2655 993 2716 tria
1016 2655 1158 2716 mandata
1179 2655 1234 2716 tibi
1250 2655 1364 2733 darem,

241 2762 285 2808 los
299 2763 360 2824 que
384 2743 409 2806 si
434 2743 616 2822 diligencius
639 2743 828 2819 obsemares,
852 2761 996 2822 magnam
1020 2743 1093 2805 inde
1114 2744 1268 2806 utilitatem
1292 2762 1364 2808 con·

297 2833 385 2912 sequi
424 2847 559 2912 posses!
610 2832 661 2894 llle
699 2850 772 2895 vero
810 2831 849 2894 ad
888 2832 955 2894 eius
987 2832 1141 2911 loquelam
1180 2833 1365 2913 stupefactus

298 2922 447 3002 promisit,
471 2921 558 3000 quod
582 2939 649 2983 eam
673 2920 842 2998 dimitteret,
866 2921 891 2984 si
917 2921 973 2983 hec
991 2921 1047 2982 tria
1070 2920 1211 2983 mandata
1233 2941 1267 2984 ac
1283 2922 1365 2984 vtilia

298 3011 456 3090 proterret.
510 3011 546 3072 Et
584 3010 645 3072 illa:
689 3010 789 3074 „nudi
828 3012 912 3073 mel!
968 3010 1148 3090 Numquam
1187 3029 1265 3085 rem,
1304 3029 1365 3089 que

298 3099 489 3180 apprehendi
529 3117 592 3162 non
624 3103 730 3179 potest,
768 3099 999 3180 apprehendere
1030 3099 1167 3162 studeas!
1222 3100 1292 3162 Hoc
1321 3104 1365 3162 est

242 3207 284 3251 aco
299 3188 445 3268 primum.
484 3187 566 3249 Audi
590 3187 776 3250 secundum!
813 3188 861 3250 De
885 3207 918 3252 re
941 3188 1058 3269 perdita
1081 3193 1110 3250 et
1133 3188 1364 3268 inrecuperabili

298 3295 469 3356 numquam
509 3276 627 3338 doleas!
689 3276 784 3338 Audi
810 3277 952 3339 tercium!
1010 3278 1147 3341 Verbum
1187 3276 1365 3339 incredibile

299 3383 470 3445 numquam
494 3365 614 3428 credas!
664 3365 730 3428 llec
760 3366 815 3428 tria
839 3366 967 3442 custodi,
1006 3371 1036 3428 et
1070 3367 1149 3429 bene
1180 3365 1235 3428 tibi
1271 3366 1360 3427 en'ttu

299 3455 351 3518 llle
373 3459 483 3532 autem,
514 3459 547 3517 vt
569 3454 758 3534 promiserat,
786 3473 852 3516 eam
876 3455 980 3517 volare
1003 3454 1126 3518 dimisit
1173 3454 1365 3536 Phylomena

301 3561 356 3623 per
382 3561 451 3605 aera
478 3543 609 3606 volitans
640 3543 768 3606 dulciter
795 3544 934 3606 cantauit
982 3543 1081 3606 Finito
1112 3548 1201 3606 cantu
1225 3543 1301 3605 dixit
1323 3545 1364 3606 ei:

243 3651 285 3696 aas
303 3632 367 3697 „Ve
390 3631 454 3708 tibi,
483 3632 588 3708 homo,
619 3651 712 3712 quarn
737 3632 851 3694 malum
875 3632 1039 3696 consilium
1064 3633 1196 3695 habuisti
1219 3638 1248 3695 et
1270 3650 1363 3711 quam

299 3739 447 3800 magnum
478 3720 656 3782 thezaurum
688 3720 781 3784 hodie
812 3721 985 3802 perdidisti!
1034 3722 1084 3784 Est
1114 3721 1197 3784 enim
1228 3721 1259 3782 in
1289 3722 1365 3784 meis

298 3809 468 3872 visceribus
491 3808 660 3888 margarita,
685 3827 746 3888 que
769 3810 933 3872 strucionis
949 3827 1044 3872 ovum
1060 3828 1116 3873 sua
1131 3810 1225 3873 vincit
1247 3811 1364 3890 magni-
1476 3811 1479 3814 ⁴

297 3899 433 3962 tudine!
483 3897 536 3960 llle
559 3899 615 3960 hec
637 3897 766 3960 audiens
790 3898 983 3960 contristatus
998 3903 1044 3960 est
1066 3898 1163 3975 valde,
1186 3898 1272 3978 quod
1296 3918 1363 3962 eam

299 3987 423 4050 dimisit.
471 3986 622 4066 Expandit
645 3990 706 4048 rete
734 4003 825 4048 suurn
855 3991 884 4048 et
907 3987 1075 4049 conabatur
1103 4005 1170 4049 eam
1193 3988 1364 4067 apprehen-

243 4091 284 4136 ιω
299 4075 372 4139 dere
396 4075 502 4138 dicens
525 4075 565 4138 ei:
593 4074 689 4140 „Veni
714 4074 744 4136 in
769 4074 899 4138 domum
924 4094 1032 4152 meam,
1056 4080 1085 4138 et
1108 4093 1233 4138 omnem
1256 4076 1364 4139 huma-

298 4165 421 4228 nitatem
446 4164 500 4228 tibi
524 4164 678 4228 exhibebo
702 4167 731 4226 et
754 4163 887 4245 propriis
911 4165 1054 4227 manibus
1078 4168 1106 4226 te
1130 4181 1250 4244 pascam
1274 4169 1303 4226 et
1324 4165 1363 4227 ad
