3584 4884
847 442 1091 503 -150-

374 618 516 683 uoniacto
540 623 635 681 mater
657 618 781 682 uocauit
810 636 960 698 generum
984 636 1076 681 suum
1100 618 1323 698 carpentarium
1348 622 1377 679 et
1398 618 1440 679 ait
1462 617 1505 679 ei:

441 708 634 785 „Karissimq
658 708 718 770 iarn
743 707 837 769 filiam
862 726 961 770 meam
985 707 1137 787 virginem
1158 707 1189 769 in
1205 724 1332 769 vxorem
1356 706 1506 786 accepisti.

439 798 514 860 Ecce
537 796 620 860 dabo
651 795 706 859 tibi
737 796 825 859 istam
857 796 1044 872 camisiaml,
1076 814 1170 875 quam
1200 796 1227 858 ei
1251 795 1323 858 satis
1346 795 1505 875 pulchram

437 884 578 949 ostendit.
628 884 782 950 „Camisia
805 885 861 947 ista
883 885 975 948 babet
997 885 1087 947 talem
1111 885 1262 947 virtutem.
1300 884 1332 947 Si
1356 884 1447 947 vtaris
1470 902 1507 946 ea

437 978 501 1037 tolo
532 978 671 1054 tempore
705 974 765 1035 vite
798 979 864 1051 tue,
900 992 1071 1054 numquam
1107 973 1229 1037 locione
1264 973 1415 1051 indigebit
1448 991 1507 1035 nec

374 1062 593 1141 ruufmngetur
617 1080 673 1125 nec
695 1067 902 1135 consumetur,
933 1062 1082 1141 quamdiu
1106 1066 1134 1125 te
1158 1062 1288 1124 fideliter
1316 1061 1410 1124 habes
1433 1079 1505 1124 cum

437 1169 532 1214 vxore
553 1155 613 1228 tua,
637 1155 666 1213 et
689 1151 755 1230 ipsa
777 1151 923 1214 similiter.
959 1150 991 1215 Si
1007 1169 1090 1229 vero,
1115 1149 1200 1232 quod
1224 1150 1310 1227 absit,
1333 1150 1445 1231 aliquis
1468 1169 1505 1213 ex

437 1239 530 1303 uobis
553 1240 783 1303 matrimonium
807 1240 975 1316 violauerit,
1005 1240 1104 1303 statim
1129 1239 1253 1303 camisia
1276 1239 1454 1319 deturpetur
1477 1243 1506 1301 et

437 1328 554 1407 indiget
577 1328 698 1391 locione
714 1328 792 1391 sicut
806 1329 896 1391 ceteri
913 1328 1035 1409 panni.u
1070 1327 1288 1409 Carpentarius
1305 1329 1361 1390 bec
1375 1328 1506 1391 audiens

436 1422 588 1496 gratanter
602 1417 757 1480 camisiam
773 1417 888 1497 accepit
903 1422 932 1479 el
947 1418 999 1480 ait:
1019 1417 1205 1483 „Karissima
1221 1421 1324 1494 mater,
1341 1416 1504 1496 pulchrum

375 1505 556 1569 rarodonum
581 1506 674 1569 michi
698 1505 817 1568 dedisti.
852 1506 913 1568 lam
931 1506 1035 1569 nullus
1051 1511 1191 1569 nostrum
1215 1505 1326 1585 polerit
1349 1506 1504 1568 matrimo-

438 1595 524 1657 nium
556 1594 683 1673 violare,
714 1595 789 1673 quin
822 1613 878 1674 per
908 1594 1062 1657 camisiam
1094 1595 1233 1657 sciatur.u
1288 1594 1394 1657 Statim
1427 1594 1506 1656 infra

438 1701 553 1764 paucos
580 1683 646 1746 dies
676 1683 882 1763 carpentarius
910 1688 1038 1747 uocatus
1069 1687 1132 1747 erat
1153 1683 1295 1746 festinare
1325 1683 1364 1745 ad
1388 1682 1504 1745 curiam

438 1772 637 1853 imperatoris,
672 1776 706 1835 ut
735 1772 885 1852 palacium
916 1790 1009 1835 suum
1039 1776 1236 1835 construeret.
1287 1771 1505 1851 Carpentan'us

437 1861 591 1925 camisiam
615 1879 719 1925 secum
744 1861 855 1940 recepit
877 1864 907 1923 et
929 1879 1056 1924 vxorem
1080 1861 1111 1922 in
1135 1861 1232 1924 domo
1248 1878 1304 1924 sua
1326 1860 1448 1937 dimisit,
1473 1864 1506 1923 ut

376 1967 430 2013 1³1⁶
439 1950 585 2012 familiam
621 1954 745 2030 regeret
791 1949 873 2012 Cum
906 1954 1007 2012 autem
1042 1950 1081 2012 ad
1117 1950 1332 2029 imperatorem
1365 1949 1531 2035 venisset,¹

437 2057 508 2101 cum
525 2057 563 2102 eo
579 2039 732 2115 conuenit
749 2042 782 2100 ut
797 2056 901 2101 secum
919 2042 1016 2115 staret,
1033 2056 1199 2118 quousque
1215 2038 1365 2118 palacium
1381 2038 1504 2100 finitum

438 2127 552 2190 fuisset.
587 2126 804 2208 carpentarius
828 2128 883 2190 iste
906 2127 956 2189 die
979 2146 1014 2190 ac
1037 2131 1126 2190 nocte
1149 2127 1274 2189 viriliter
1297 2127 1455 2189 laborabat
1477 2130 1506 2189 et

438 2216 469 2277 in
494 2216 580 2279 omni
610 2234 705 2296 opere
735 2216 858 2279 camisia
889 2216 1037 2294 vtebatur,
1067 2216 1198 2279 sudores
1232 2216 1374 2278 diuersos
1396 2216 1504 2292 emisit,

437 2304 492 2366 sed
525 2304 557 2366 in
588 2304 676 2367 nullo
706 2305 830 2367 camisia
864 2305 1092 2385 deturpabatur.
1137 2304 1378 2367 Admirabantur
1408 2304 1504 2382 multi,

374 2392 524 2471 usuquod
548 2410 717 2472 numquam
742 2393 897 2455 camisiam
930 2394 1022 2456 lauari
1053 2394 1164 2456 fecerat
1186 2398 1216 2456 et
1237 2398 1338 2455 tamen
1363 2393 1394 2455 in
1418 2392 1505 2456 omni

437 2480 593 2544 mundicia
616 2486 645 2543 et
667 2481 800 2544 mndore
822 2486 949 2544 steterat.
968 2514 974 2524 =
994 2482 1086 2545 Venit
1108 2481 1235 2562 quidam
1259 2482 1348 2545 miles
1370 2482 1409 2543 ad
1432 2500 1504 2544 eum

437 2574 467 2632 et
493 2569 580 2632 dixit:
617 2570 788 2649 „Magister
819 2569 911 2648 dicas,
944 2589 1022 2649 rogo
1050 2575 1087 2649 te,
1120 2570 1283 2650 quomodo
1314 2575 1414 2651 potest
1445 2572 1506 2633 hoc

437 2677 511 2736 esse,
543 2659 629 2738 quod
654 2658 685 2720 in
709 2658 863 2721 continuis
891 2659 1050 2722 laboribus
1081 2677 1242 2739 permanes
1271 2678 1307 2722 ac
1336 2660 1504 2722 sudoribus

437 2753 467 2810 et
494 2752 596 2810 tamen
626 2747 781 2811 camisiam
815 2753 899 2810 tuam
935 2766 1106 2828 numquam
1139 2748 1264 2811 lauas?‘¹
1322 2747 1503 2827 Respondit:

375 2837 544 2911 :aaanuia
573 2836 695 2900 locione
725 2855 789 2901 non
817 2837 962 2917 indigetu
1012 2836 1181 2917 Respondit
1212 2836 1312 2899 miles:
1346 2836 1438 2910 „Que
1460 2840 1506 2899 est

438 2945 528 2990 musa
551 2926 643 2989 buius
667 2926 752 2989 rei?⁴⁴
801 2926 840 2988 nt
862 2926 928 2989 ille:
965 2925 1075 3002 „Scias
1103 2926 1190 3005 quod
1217 2926 1257 2988 ab
1280 2926 1334 2988 illo
1358 2931 1504 3005 tempore,

438 3035 502 3096 quo
536 3034 663 3079 vxorem
699 3034 798 3078 meam
829 3014 1026 3095 desponsaui,
1063 3020 1158 3077 mater
1192 3014 1258 3077 eius
1293 3014 1385 3077 michi
1416 3014 1504 3077 istam

437 3105 592 3167 camisiam
616 3104 709 3181 dedit,
737 3123 799 3183 que
821 3105 910 3166 talem
935 3105 1075 3167 virtutem
1100 3104 1199 3181 habet,
1230 3102 1326 3182 quod,
1354 3103 1504 3182 quamdiu

438 3193 570 3255 inuicem
602 3193 711 3256 fideles
740 3211 857 3271 sumus,
889 3210 1060 3271 numquam
1084 3192 1204 3255 locione
1235 3191 1353 3271 indiget
1381 3191 1505 3255 camisia

376 3301 514 3346 maomea
561 3281 621 3345 Sed
645 3282 671 3344 si
694 3282 788 3345 semel
812 3300 872 3361 ego
902 3282 949 3343 vel
978 3281 1029 3343 illa
1056 3280 1286 3343 matrimonium
1309 3280 1504 3357 violaremus,

438 3371 536 3432 statim
575 3369 726 3449 indigeret
763 3370 884 3433 locione
915 3370 992 3433 sicut
1024 3370 1113 3433 ceteri
1144 3369 1247 3449 panni.
1298 3368 1388 3431 Miles
1427 3369 1505 3431 intra

437 3476 471 3521 se
493 3459 658 3538 cogitabat:
692 3460 779 3537 „Ego
801 3459 910 3522 faciam
934 3464 962 3521 te
986 3459 1139 3522 mmisiam
1172 3463 1254 3520 tuam
1285 3457 1395 3534 lauare,
1426 3457 1505 3520 sicut

437 3546 552 3609 iaciunt
567 3547 655 3610 ceteri
673 3548 845 3610 homines.¹¹
880 3546 985 3611 Statim
1010 3548 1141 3627 perrexit
1162 3548 1201 3609 ad
1225 3546 1355 3609 domum
1379 3564 1504 3625 carpen-

437 3634 513 3697 tarii.
560 3635 611 3697 llla
634 3654 709 3698 vero
739 3636 811 3699 satis
833 3640 986 3716 gratanter
1008 3654 1079 3698 eum
1104 3636 1242 3716 recepit.u
1291 3635 1382 3697 Miles
1404 3634 1502 3697 statim

375 3723 478 3787 raaode
507 3740 613 3785 amore
645 3723 820 3787 inordinato
851 3725 878 3786 ei
909 3724 1100 3803 loquebatur.
1150 3725 1222 3798 Que
1252 3724 1305 3786 ait:
1338 3723 1503 3801 „Domine

438 3811 590 3891 numquid
615 3812 691 3874 illud
723 3818 787 3874 erat
813 3814 978 3893 negocium
1007 3818 1103 3890 tuum,
1135 3832 1230 3892 quare
1260 3813 1321 3875 huc
1350 3811 1500 3874 venisti?¹¹

438 3900 502 3975 Qui
525 3900 613 3963 dixit:
649 3900 781 3978 ilicium,
811 3902 948 3965 domina.
995 3901 1101 3975 Quare
1128 3902 1153 3965 si
1185 3902 1373 3965 uoluntatem
1403 3918 1502 3963 meam

438 3989 608 4071 perfeceris,
631 3994 660 4052 te
682 3990 721 4052 ad
744 3990 873 4053 diuicias
896 3991 1120 4071 promouebo.u
1168 3990 1208 4053 Ar
1230 3990 1292 4051 illa:
1320 3990 1404 4054 „fiat
1426 3988 1499 4051 ita!a

439 4079 576 4159 Requirit
604 4080 706 4143 locum
735 4079 888 4159 priuatum
913 4083 942 4141 et
964 4078 1051 4141 dixit:
1086 4078 1182 4144 „Veni
1207 4096 1337 4155 mecum,
1368 4082 1447 4139 elle
1471 4078 1502 4139 in

375 4186 587 4232 nucameram
612 4168 760 4248 priuatam
784 4167 1012 4229 introducam!u
1050 4166 1101 4228 llle
1124 4184 1198 4228 vero
1222 4166 1379 4228 concessit.
1420 4165 1501 4228 Cum
