3584 4884
715 474 937 527 ..qq-

370 664 412 710 215
429 645 559 708 Luciferi
585 651 683 707 turma
706 645 753 707 cui
778 644 885 723 nequit
906 643 1016 705 fraude
1038 660 1158 719 nocere,

474 736 567 798 Hunc
590 734 701 796 mulier
722 732 799 795 fallit
821 733 949 813 vulpide
970 731 1079 794 fraude
1101 748 1166 794 sua

730 875 867 938 Fabula
891 876 940 938 Vl.

428 1000 566 1063 Callidus
588 1000 663 1063 alter
685 1004 747 1062 erat
767 999 897 1079 juvenis,
922 999 1022 1062 nitens
1044 998 1168 1061 abolere

474 1089 588 1153 Uxoris
611 1088 742 1151 fraudes
790 1089 883 1151 Hunc
906 1088 1029 1168 sapiens
1051 1086 1164 1164 docuit,

430 1179 473 1243 Ut
494 1181 622 1240 strueret
644 1177 776 1240 sublime
799 1177 858 1241 sibi
882 1177 1027 1240 conclave
1049 1175 1212 1256 petrinum,

370 1284 413 1328 220
478 1268 583 1331 Unum
608 1267 759 1347 posticum
783 1266 930 1329 conderet
952 1265 1086 1344 huicque
1108 1264 1222 1327 torum.

429 1357 493 1432 iste,
517 1355 599 1417 velut
621 1355 730 1418 doctus
752 1354 897 1435 sapientis
920 1354 1141 1417 concomitatus

472 1443 647 1507 Consilium
671 1444 766 1507 credit
788 1444 902 1525 pellere
924 1462 1017 1524 posse
1039 1441 1139 1506 dolos

428 1531 565 1606 Quando
588 1533 723 1595 deseruit
747 1534 790 1597 ob
813 1551 936 1595 causam
960 1532 1066 1594 limina
1089 1531 1173 1609 lucri,

474 1620 555 1683 Cum
578 1620 660 1683 terro
683 1621 785 1684 solido
808 1622 956 1685 clauserat
979 1621 1044 1701 ipse
1066 1620 1158 1697 iores,

372 1727 414 1773 aas
430 1710 477 1772 Ne
500 1714 591 1788 queat
612 1710 694 1772 exire
718 1710 836 1773 mulier.
881 1710 967 1774 Stetit
992 1709 1061 1772 ante
1083 1710 1245 1772 fenestram

475 1800 510 1861 Et
532 1798 658 1861 transire
680 1798 763 1861 videt
784 1800 943 1878 egregium
967 1799 1121 1878 juvenem.

428 1888 512 1949 Num
536 1888 609 1949 sciat
631 1888 757 1950 interius
780 1888 871 1964 visus,
896 1892 1022 1950 venator
1043 1887 1167 1965 amoris,

473 1977 506 2038 ln
531 1976 650 2039 mundo
673 1976 821 2055 quicquid
845 1976 912 2055 ipse
934 1975 1017 2039 videt
1039 1976 1162 2039 cluere?

431 2065 568 2127 liuterius
590 2066 665 2127 dum
690 2064 796 2145 pulcra
818 2064 909 2142 videt
933 2070 1036 2128 movet
1058 2064 1201 2127 interiora

375 2172 416 2217 aaa
474 2152 595 2232 Cordis,
618 2154 662 2217 sic
685 2153 848 2216 dominum
871 2154 947 2216 fallit
968 2158 998 2216 et
1020 2154 1086 2233 ipse
1108 2170 1208 2215 suurn.

432 2244 545 2323 Pagina
567 2261 651 2306 sacra
674 2244 776 2305 reicit:
801 2242 906 2320 ,Atrox
930 2260 1015 2305 mors
1036 2260 1128 2321 saepe
1150 2241 1298 2305 fenestras

474 2332 533 2395 Per
556 2332 673 2413 patulas
696 2332 796 2409 intrat;
822 2349 885 2394 non
911 2348 1026 2394 reseres
1049 2330 1136 2393 ideo⁴.

431 2422 511 2484 ilinc
532 2421 654 2500 juvenis
676 2421 806 2483 nimium
831 2420 969 2483 mulieris
991 2420 1106 2482 viscera
1127 2422 1262 2498 torquet;

475 2510 579 2589 lgnitis
602 2510 711 2573 faculis
733 2510 859 2573 fluctuat
880 2513 972 2589 atque
994 2507 1087 2571 dolet

377 2598 532 2662 mavoluit
553 2603 582 2661 et
605 2598 738 2678 ingeni0,
762 2616 824 2679 qua
846 2615 997 2678 sponsum
1021 2596 1124 2659 tallere
1146 2596 1254 2659 fraude

474 2688 559 2751 Haec
582 2692 673 2767 queat
698 2687 747 2767 [et]
772 2687 876 2767 juveni
901 2687 985 2750 basia
1007 2690 1091 2765 grata
1113 2684 1194 2748 dare.

430 2776 566 2856 Quoque
589 2776 672 2839 diem
696 2780 801 2855 pensat
824 2780 853 2838 et
875 2776 975 2838 statim
999 2774 1110 2855 reperit
1131 2778 1235 2851 artem,

473 2865 546 2939 Qua
567 2865 662 2927 valuit
684 2865 845 2945 proprium
869 2864 973 2927 fallere
996 2864 1104 2925 fraude
1126 2863 1237 2927 virum.

430 2953 495 3017 Sub
518 2954 655 3017 cervicali
679 2954 726 3016 vir
748 2954 847 3017 claves
870 2957 960 3016 nocte
983 2952 1121 3015 recondit

378 3060 416 3105 alo
475 3042 571 3107 Omni
579 3064 587 3121 ;
611 3042 662 3105 dat
685 3043 756 3105 lruic
779 3060 907 3105 munera
930 3046 1014 3122 grata
1037 3041 1122 3118 meri,

432 3133 474 3197 Ut
495 3132 606 3195 faciant
628 3136 728 3195 sumta
751 3132 830 3194 bene
853 3131 1020 3195 dormitare
1042 3130 1195 3193 maritum.

473 3220 601 3285 Suiiulsi
626 3224 739 3283 recreat
762 3220 908 3299 languida
932 3220 1070 3283 membra
1093 3236 1198 3299 sopor.

430 3309 555 3390 Absque
578 3308 675 3372 modo
698 3313 818 3371 sumtus
841 3309 979 3372 Bacchus
1002 3312 1092 3371 nocet
1112 3306 1279 3388 accipienti,

473 3398 533 3462 Sed
558 3402 678 3462 sumtus
701 3398 822 3461 modice
846 3398 897 3461 dat
919 3398 1031 3460 melius
1053 3415 1169 3478 sapere.

379 3504 416 3549 aaa
433 3486 526 3549 Plena
547 3487 623 3550 dolo
648 3487 758 3549 mulier
781 3505 854 3549 mox
877 3486 1061 3550 dormitante
1084 3486 1193 3549 marito

474 3576 618 3652 Surrexit,
643 3576 741 3639 claves
763 3576 887 3639 abstulit
911 3576 984 3637 inde
1006 3576 1088 3649 vir0;

430 3662 518 3727 Clam
544 3682 682 3728 reserans
705 3668 816 3744 postes,
840 3682 934 3744 quem
959 3664 1064 3726 dilexit
1086 3664 1161 3745 petit
1183 3663 1283 3740 illum;

473 3754 558 3816 Velle
582 3770 640 3817 suo
664 3757 752 3817 nacto
776 3754 898 3816 cursitat
920 3753 971 3815 illa
993 3752 1135 3815 domum.

431 3842 484 3905 Vir
506 3860 610 3905 secum
635 3846 753 3923 pensat:
781 3843 876 3918 ‚llaec
897 3843 937 3904 ad
961 3841 1037 3921 quid
1061 3840 1156 3904 donat
1179 3840 1310 3920 hialnlti'

381 3944 418 3991 250
476 3932 605 3993 Munera
628 3935 708 3993 tanta
730 3930 807 3993 tibi?
854 3933 944 3994 Forte
966 3930 1080 4011 Cypris
1102 3929 1171 3992 citat
1193 3929 1280 3992 hanc

432 4019 463 4080 ln
487 4019 620 4099 quadam
645 4024 733 4082 nocte
756 4036 789 4081 se
812 4020 938 4099 plenum
963 4037 1092 4082 munere
1115 4017 1225 4080 Bacchi

476 4108 615 4171 Finxerat
637 4112 666 4171 et
688 4108 790 4171 somni
796 4129 804 4186 ;
828 4109 926 4187 surgit
948 4112 978 4171 et
1001 4108 1052 4170 illa
1074 4107 1165 4170 thoro

434 4196 577 4261 Exercere
598 4198 686 4277 jocos
709 4196 841 4276 gliscens
864 4196 1000 4274 Veneris,
1024 4196 1107 4258 velut
1128 4199 1206 4257 ante.
