3584 4884
712 452 934 507 ...41-

285 654 330 662 -
353 618 404 681 Ad
428 620 503 683 haec
523 624 637 683 arator:
661 620 693 685 Si
717 622 845 685 verbum
869 621 942 700 dixi,
966 640 1031 686 non
1047 627 1149 686 tamen
1164 629 1355 688 sacramento

285 708 479 771 confirmavi.
511 744 537 753 -
571 710 608 771 Et
630 709 722 790 lupus
745 714 862 774 contra:
899 712 1022 774 llabere
1044 712 1154 790 debeo,
1185 712 1259 793 quia
1281 731 1355 776 con-

285 797 412 861 cessisti.
437 832 463 841 -
489 805 517 860 2.
535 797 687 861 Dixerunt
702 799 823 863 tandem
848 800 935 880 quod
959 800 1032 863 iude
1055 801 1134 864 irent
1155 802 1196 864 ad
1209 801 1355 881 iudicem.

229 906 272 951 eas
287 886 388 959 Quod
410 887 488 949 dum
512 886 644 950 lacerent
665 887 751 968 vulpi
774 888 985 952 obviaverunt
1030 889 1157 964 Quibus
1170 890 1355 955 abeuntibus

285 974 329 1037 ait
357 975 480 1056 vulpes:
512 975 587 1049 Quo
616 976 760 1040 tenditis?
792 1013 818 1021 -
851 976 896 1039 llli
919 977 1007 1058 quod
1031 979 1143 1043 lactum
1166 980 1264 1043 iuerat
1287 998 1355 1042 nar-

286 1068 433 1127 raverunt
463 1064 558 1145 vulpi.
604 1064 730 1139 Quibus
759 1066 848 1129 dixit:
881 1066 944 1130 Pro
971 1067 1069 1131 nihilo
1091 1068 1185 1131 alium
1210 1069 1356 1147 quaeritis

284 1152 430 1232 judicem,
454 1153 602 1233 quoniam
627 1158 741 1217 rectum
758 1154 848 1219 vobis
864 1154 972 1218 faciam
987 1155 1146 1235 judicium.
1192 1157 1253 1221 Sed
1269 1158 1355 1238 prius

285 1243 449 1321 permittite
472 1242 644 1321 consilium,
668 1243 754 1322 loqui
778 1244 832 1307 uni
856 1262 893 1307 ex
916 1244 1014 1321 vobis,
1037 1249 1067 1308 et
1088 1245 1202 1309 deinde
1216 1246 1310 1324 alteri,
1326 1252 1356 1310 et

232 1352 273 1396 seo
287 1331 313 1393 si
337 1335 448 1412 potero
471 1350 528 1395 vos
558 1333 746 1396 concordare
775 1333 842 1397 sine
863 1332 990 1413 judicio,
1020 1334 1169 1397 sententia
1191 1335 1354 1413 celabitur;

286 1420 335 1482 sin
358 1424 470 1498 autem,
501 1420 532 1483 in
563 1439 730 1485 commune
759 1422 856 1485 detur.
885 1458 918 1467 -
949 1427 977 1485 3.
999 1422 1038 1484 m
1061 1422 1104 1484 illl
1127 1429 1352 1487 concesserunt

287 1508 323 1571 Et
346 1509 456 1590 vulpes
480 1509 614 1591 primum
638 1510 739 1575 locuta
769 1515 814 1575 est
842 1512 973 1575 seorsim
997 1530 1068 1575 curn
1091 1515 1218 1590 aratore,
1245 1518 1274 1576 el
1296 1513 1353 1576 ait:

287 1597 337 1659 Da
361 1598 437 1660 mihi
462 1617 554 1661 unam
578 1600 731 1679 gallinam,
755 1604 784 1663 et
806 1601 895 1664 uxori
919 1619 1006 1664 meae
1027 1600 1159 1677 alteram,
1183 1606 1213 1663 et
1226 1601 1355 1667 habebis

286 1686 392 1749 boves.
423 1722 454 1731 -
483 1688 593 1751 Arator
614 1690 772 1754 concessit.
820 1690 856 1753 Et
878 1690 940 1754 hoc
962 1690 1041 1753 lacto
1064 1708 1136 1753 cum
1160 1689 1236 1771 lupo
1252 1690 1353 1772 loqui·

233 1796 273 1841 oss
287 1778 345 1853 tur,
370 1776 489 1839 dicens:
516 1776 608 1855 Audi,
631 1778 741 1841 amice!
789 1779 907 1843 Meritis
928 1779 989 1843 tuis
1011 1778 1273 1860 praecedentibus,
1297 1798 1354 1859 pro

286 1869 315 1927 te
343 1864 436 1927 debet
465 1865 490 1927 si
521 1883 583 1945 qua
613 1884 680 1929 mea
708 1866 850 1930 facundia
877 1872 922 1931 est
944 1868 1090 1932 laborare.
1137 1867 1233 1930 Tanta
1255 1867 1356 1931 locuta

284 1971 356 2016 sum
387 1971 459 2016 curn
490 1954 610 2032 rustico,
642 1955 729 2035 quod
757 1956 783 2019 si
815 1955 970 2019 dimiseris
999 1957 1096 2021 boves
1119 1956 1200 2020 illius
1223 1956 1355 2021 omnino

284 2042 417 2121 quietos,
441 2042 526 2105 dabit
547 2042 602 2106 tibi
626 2062 747 2108 caseum
771 2044 810 2107 ad
834 2045 1078 2124 magnitudinem
1110 2046 1207 2127 clypei
1232 2046 1354 2109 tactum.

298 2166 320 2175 -
355 2140 384 2193 4.
410 2132 481 2194 lloc
503 2132 595 2212 lupus
619 2134 777 2197 concessit.
823 2133 884 2197 Cui
908 2134 1017 2214 vulpes
1039 2134 1091 2197 ait:
1120 2134 1267 2199 Concede
1289 2153 1354 2198 ara-

234 2237 272 2282 uo
286 2223 386 2283 torem
418 2237 493 2283 suos
516 2220 612 2285 boves
635 2222 755 2300 ducere,
786 2227 815 2286 et
838 2241 897 2302 ego
921 2222 1032 2286 ducam
1055 2226 1084 2286 te
1106 2223 1145 2285 ad
1170 2224 1273 2287 locum
1298 2225 1353 2287 ubi

285 2313 434 2388 parantur
468 2309 533 2388 ejus
566 2310 653 2387 casei,
689 2315 722 2373 ul
755 2328 847 2391 quem
883 2311 1018 2375 volueris
1048 2311 1088 2374 de
1116 2312 1220 2377 multis
1241 2312 1354 2392 eligere

284 2397 397 2477 possis.
422 2396 530 2461 —Sed
554 2398 646 2479 lupus
668 2403 781 2463 astutae
804 2400 906 2481 vulpis
929 2399 1074 2480 deceptus
1096 2402 1199 2464 verbis
1214 2402 1352 2482 quietum

283 2486 371 2549 abire
403 2486 540 2566 permisit
569 2487 724 2551 rusticum.
770 2488 885 2569 Vulpes
915 2506 990 2551 vero
1013 2488 1155 2568 vagando
1179 2490 1241 2553 huc
1262 2496 1353 2571 atque

284 2574 359 2639 illuc
374 2579 525 2655 quantum
542 2576 640 2656 potuit
655 2576 764 2657 lupum
779 2575 918 2654 deviavit,
942 2595 1044 2656 quem,
1067 2578 1207 2640 veniente
1223 2578 1355 2643 obscura

234 2680 272 2727 oo
286 2668 385 2744 nocte,
413 2664 453 2726 ad
482 2664 576 2727 allum
608 2668 734 2746 puteum
758 2664 892 2741 deduxit,
924 2665 973 2728 cui
996 2684 1090 2747 super
1113 2670 1239 2746 puteum
1263 2668 1353 2731 stanti

285 2752 420 2816 formam
453 2754 543 2816 lunae
572 2754 758 2835 semiplenae
785 2753 817 2816 in
848 2755 911 2816 ima
934 2754 1015 2835 putei
1044 2754 1188 2818 radiantis
1211 2755 1353 2833 ostendit

284 2848 314 2904 et
327 2842 382 2904 ait:
410 2846 438 2905 5.
458 2842 517 2905 llic
532 2847 577 2906 est
591 2861 697 2906 caseus
712 2862 805 2923 quem
822 2843 876 2906 tibi
889 2843 1038 2923 promisit,
1050 2843 1202 2907 descende
1214 2844 1239 2907 si
1259 2845 1355 2925 placet

285 2936 315 2993 et
337 2931 478 2995 comede.
503 2966 530 2975 -
553 2931 601 2994 Ad
619 2932 693 2995 haec
708 2932 813 3013 lupus:
839 2932 1000 2995 Descende
1016 2932 1164 3013 primitus,
1189 2934 1265 2997 etsi
1289 2935 1355 2997 sola

285 3020 406 3083 deferre
430 3038 494 3082 non
518 3020 639 3101 poteris,
670 3024 704 3083 ut
725 3025 754 3083 te
776 3021 880 3100 juvem
904 3020 1013 3084 faciam
1037 3021 1123 3101 quod
1147 3022 1285 3085 hortaris.
1319 3059 1345 3066 -

237 3126 272 3172 uu
287 3110 322 3171 Et
345 3110 408 3172 hoc
429 3109 512 3173 dicto
535 3109 678 3173 viderunt
701 3109 826 3172 cordam
851 3110 1036 3189 pendentem
1060 3110 1091 3172 in
1116 3115 1217 3190 puteo,
1247 3110 1277 3172 in
1302 3130 1354 3174 cu·

283 3198 333 3277 jus
355 3199 454 3279 capite
476 3202 539 3261 erat
561 3197 684 3262 urceola
707 3198 804 3277 ligata,
828 3202 857 3261 et
880 3198 912 3260 in
935 3199 996 3261 alio
1019 3198 1116 3279 capite
1135 3198 1246 3262 cordae
1262 3200 1354 3263 altera

285 3287 420 3368 urceola;
445 3290 474 3349 et
496 3286 672 3367 pendebant
693 3287 744 3349 tali
761 3287 897 3367 ingenio,
922 3286 1009 3367 quod
1025 3305 1086 3350 una
1102 3292 1246 3366 surgente
1260 3288 1353 3351 altera

285 3375 498 3439 descendebat
546 3383 574 3440 6.
598 3375 694 3450 Quod
724 3375 834 3456 vulpes
861 3376 954 3439 simul
983 3395 1020 3439 ac
1048 3375 1125 3439 vidit
1153 3376 1240 3456 quasi
1264 3377 1364 3455 obse<

285 3482 385 3545 quens
419 3464 563 3544 precibus
602 3465 665 3545 lupi
699 3464 852 3529 urceolam
889 3464 1010 3528 intravit
1036 3470 1064 3528 et
1091 3464 1130 3527 ad
1162 3465 1352 3546 profundum

238 3555 377 3617 mevenit.
414 3554 520 3635 Lupus
542 3558 643 3617 autem
667 3553 740 3616 inde
762 3554 886 3634 gavisus
909 3554 962 3617 ait:
986 3553 1053 3617 Cur
1075 3572 1139 3617 non
1163 3554 1255 3618 alters
1278 3555 1354 3618 mihi

286 3644 432 3706 caseum?
457 3678 499 3687 —
522 3643 638 3724 Vulpes
661 3643 714 3705 ait:
738 3644 870 3723 Nequeo
887 3661 945 3723 pro
962 3643 1182 3723 magnitudine,
1205 3644 1259 3707 sed
1277 3644 1355 3707 intra

284 3732 374 3795 aliam
392 3732 556 3809 urceolam,
581 3736 610 3795 et
628 3732 698 3795 veni
715 3732 793 3795 sicut
807 3732 1013 3813 spopondisti.
1036 3768 1080 3777 —
1105 3734 1193 3813 Lupo
1216 3733 1353 3811 intrante,

284 3821 408 3885 urceola
444 3821 654 3900 magnitudine
689 3820 836 3902 ponderis
871 3820 961 3883 ducta
995 3822 1054 3884 cito
1093 3821 1226 3884 fundum
1262 3823 1353 3903 petiit,

284 3910 377 3973 altera
410 3912 555 3989 surgente
589 3928 659 3973 cum
694 3910 796 3991 vulpe,
831 3928 911 3990 quae
941 3914 1004 3973 erat
1035 3910 1140 3973 levior.
1185 3910 1355 3991 Vulpecula

236 4014 273 4061 uo
286 4002 364 4061 tacto
388 4017 443 4062 ore
467 3998 549 4079 putei
572 3998 655 4062 foras
678 3999 789 4077 exiluit,
813 3999 896 4062 etin
922 4004 1014 4079 puteo
1038 3999 1146 4079 lupum
1171 3999 1297 4077 dimisit;
1326 4004 1355 4062 et

286 4087 333 4165 ita,
357 4087 443 4167 quod
461 4105 520 4167 pro
539 4087 643 4151 tuturo
667 4106 810 4169 praesens
826 4088 950 4164 dimisit,
968 4088 1059 4168 lupus
1075 4088 1172 4151 boves
1186 4092 1216 4150 et
1230 4106 1353 4150 caseum

286 4194 343 4257 pro
367 4175 484 4239 meritis
507 4176 646 4255 perdidit
