3584 4884
862 451 1101 507 -118-

805 622 880 702 Cap.
908 627 946 684 19
972 622 1032 701 (Βὶ.
1059 623 1152 702 tou).

762 724 805 781 De
823 724 968 795 elephante
986 728 1012 781 et
1030 725 1192 797 virginibus.

395 853 435 898 rao
540 837 608 898 Erat
631 835 756 916 quidam
781 836 953 916 imperator,
977 836 1030 916 qui
1055 837 1161 899 habuit
1181 837 1337 917 quandam
1361 838 1514 915 forestam,

449 923 479 986 in
504 943 565 1004 qua
587 929 650 986 erat
672 925 803 1005 elephas,
828 925 876 988 cui
901 943 994 987 nemo
1016 924 1149 988 audebat
1170 926 1411 1007 apropinquare.
1449 929 1516 990 llec

447 1013 576 1076 audiens
600 1013 796 1093 imperatora
813 1013 1008 1094 philosophis
1023 1018 1161 1076 naturam
1178 1015 1349 1095 elephantis
1372 1017 1514 1095 quesiuit

449 1101 492 1164 llli
523 1120 597 1166 vero
628 1101 855 1182 respondebant
885 1107 915 1164 et
943 1102 1098 1180 dixerunt,
1131 1104 1217 1183 quod
1248 1104 1384 1184 virgines
1415 1105 1515 1168 nudas

448 1191 577 1254 multum
602 1190 741 1271 diligeret
763 1209 798 1254 ac
821 1192 852 1254 in
876 1196 965 1254 cantu
982 1210 1087 1254 earum
1104 1191 1312 1255 delectaretur.
1347 1194 1516 1273 Imperator

285 1359 293 1374 ι
396 1297 435 1344 uo
449 1279 546 1343 statim
563 1280 673 1343 fecerat
688 1279 801 1359 inquiri
818 1280 895 1342 duas
911 1280 1027 1360 puellas
1043 1280 1220 1360 pulcriores,
1241 1300 1318 1360 quas
1334 1282 1365 1343 in
1383 1282 1515 1363 imperio

448 1369 587 1432 habebat.
624 1369 749 1432 lnuente
771 1373 843 1432 sunt
865 1369 927 1430 due
949 1369 1093 1448 virgines.
1129 1370 1230 1433 Ambe
1254 1371 1397 1433 forestam
1423 1372 1512 1434 intra·

448 1459 521 1520 bant
535 1457 663 1520 totaliter
678 1457 838 1522 denudate.
873 1459 941 1520 Vna
964 1458 1079 1538 peluim
1104 1458 1226 1538 accepit,
1251 1459 1342 1521 altera
1365 1460 1514 1540 gladium,

448 1551 476 1611 et
499 1547 678 1627 inceperunt
704 1546 833 1610 dulciter
862 1551 981 1610 cantare
1010 1565 1067 1627 per
1093 1547 1247 1612 forestam.
1295 1549 1362 1610 llec
1384 1549 1515 1611 audiens

448 1635 571 1716 elephas
593 1635 676 1698 venit
697 1634 736 1698 ad
759 1653 809 1698 eas
825 1639 854 1698 et
873 1636 953 1715 cepit
976 1635 1125 1698 mamillas
1148 1654 1254 1698 earum
1278 1637 1422 1700 lambere.
1464 1638 1515 1700 llle

397 1744 435 1789 rao
449 1729 570 1788 cantum
595 1724 812 1788 continuabant
834 1723 959 1802 tamdiu,
990 1741 1132 1804 quosque
1155 1725 1279 1805 elephas
1307 1726 1460 1805 requieuit
1482 1728 1513 1789 in

448 1813 567 1894 gremio
579 1813 653 1890 eius,
670 1832 730 1893 que
747 1813 862 1893 peluim
881 1813 1028 1892 portabat.
1052 1813 1158 1875 Puella
1171 1814 1229 1875 alia
1244 1814 1354 1878 videns
1369 1816 1514 1896 elephan-

447 1907 508 1966 tem
532 1901 668 1966 dormire
683 1922 754 1966 cum
770 1902 873 1982 gladio
890 1902 975 1964 illum
993 1902 1111 1964 occidit.
1136 1902 1241 1965 Puella
1256 1903 1315 1966 alia
1330 1905 1513 1984 sanguinem

449 1991 479 2054 in
497 1991 579 2072 pelui
595 1993 716 2074 accepit,
740 1995 768 2054 et
784 1990 823 2054 de
838 1991 891 2054 illo
907 1991 1057 2070 sanguine
1073 2009 1126 2053 rex
1149 1991 1219 2054 tecit
1241 1992 1309 2054 fieri
1333 2011 1513 2074 purpuram.

805 2168 880 2248 Cap.
906 2176 947 2230 22
973 2169 1031 2247 (Bl.
1060 2177 1092 2230 11
1107 2169 1153 2248 u).

608 2270 652 2326 De
669 2287 740 2342 rege,
765 2271 812 2343 qui
832 2270 893 2326 tilio
912 2270 1048 2341 pigritiori
1067 2287 1184 2341 regnum
1204 2271 1350 2341 disposuit.

537 2382 705 2446 Pollemius
728 2383 759 2444 in
776 2382 894 2445 ciuitate
912 2383 1080 2463 Babylonie
1096 2383 1244 2462 regnauit
1269 2384 1323 2463 qui
1346 2389 1407 2447 tres
1430 2385 1513 2449 tilios

395 2489 434 2534 ru
450 2471 587 2549 habebat,
618 2489 698 2550 quos
728 2471 858 2534 multum
889 2471 1002 2534 dilexit
1048 2471 1137 2534 Vnde
1160 2491 1215 2552 per
1244 2491 1277 2535 se
1299 2474 1452 2552 cogitabat
1474 2474 1513 2537 de

448 2578 545 2640 regno
567 2578 626 2623 suo
649 2560 823 2640 disponere.
862 2561 992 2623 Vocauit
1013 2565 1074 2623 tres
1095 2561 1180 2624 tilios
1202 2579 1277 2625 suos
1300 2581 1403 2624 coram
1428 2581 1461 2625 se
1485 2569 1514 2625 et

447 2650 499 2712 ait:
526 2648 626 2722 „Quis
649 2653 781 2712 vestrum
806 2653 850 2712 est
873 2649 1040 2729 pigricior?
1082 2650 1134 2712 llle
1158 2668 1289 2729 regnum
1314 2669 1418 2714 meum
1443 2656 1514 2732 post

447 2739 606 2802 decessum
635 2756 738 2802 meum
767 2738 955 2818 occupabim
1002 2738 1053 2800 Α11
1075 2739 1206 2818 primus:
1242 2739 1406 2816 „Domine
1437 2758 1513 2820 ergo

448 2827 540 2892 michi
564 2827 693 2892 debetur
715 2845 854 2908 regnum,
882 2831 912 2890 et
935 2827 991 2890 bec
1013 2831 1057 2890 est
1080 2828 1165 2891 ratio.
1211 2827 1299 2891 Adeo
1323 2827 1411 2908 piger
1432 2847 1512 2906 sum,

395 2937 435 2983 rso
450 2918 544 2998 quod,
575 2917 701 2997 quando
724 2916 763 2980 ad
792 2917 894 2996 ignem
918 2915 1020 2993 sedeo,
1051 2916 1137 2996 prius
1160 2935 1230 2979 crus
1253 2917 1285 2978 in
1309 2935 1347 2980 eo
1369 2918 1512 2981 comburi

449 3008 598 3088 permitto,
608 3025 701 3087 quam
714 3006 790 3069 illud
801 3006 949 3068 retraham
961 3005 1001 3067 ab
1013 3005 1094 3085 ignis
1105 3005 1278 3068 incendio.“
1296 3006 1346 3068 Ait
1357 3007 1513 3070 secundus

448 3097 543 3161 tilius:
570 3097 656 3176 „Ego
671 3114 741 3159 sum
756 3094 862 3176 apcior
876 3094 915 3156 ad
931 3093 1137 3173 regnandum,
1162 3113 1234 3156 nam
1254 3113 1326 3157 cum
1348 3095 1455 3157 funem
1479 3096 1511 3157 in

448 3187 529 3250 collo
553 3185 681 3248 habeam
705 3190 734 3247 et
757 3203 830 3248 mox
845 3183 992 3263 suspendi
1008 3182 1138 3246 debeam
1155 3188 1184 3245 et
1206 3183 1344 3262 gladium
1369 3184 1400 3245 in
1417 3202 1511 3245 manu

449 3280 575 3352 teneam,
599 3279 724 3354 propter
747 3291 889 3354 magnam
914 3272 1070 3353 pigriciam
1093 3272 1132 3334 ad
1157 3272 1360 3335 scindendum
1384 3273 1511 3335 cordam

396 3381 435 3427 rso
451 3381 514 3426 non
543 3363 669 3443 porrigo
697 3381 822 3426 manum
852 3375 979 3424 meam!
1027 3361 1078 3423 nit
1099 3361 1222 3424 tercius:
1256 3361 1420 3438 „Domine
1452 3380 1511 3441 ego

448 3469 575 3531 regnare
591 3451 699 3528 debeo,
723 3452 796 3532 quia
819 3452 850 3513 in
874 3451 999 3531 pigricia
1015 3454 1132 3513 ceteros
1147 3450 1302 3513 antecedo
1336 3449 1512 3529 Resupinus

447 3541 530 3602 enim
554 3540 585 3601 in
610 3539 686 3602 lecto
709 3540 801 3616 iaceo,
825 3539 966 3603 et-stillat
988 3557 1081 3619 super
1096 3543 1259 3618 utrumque
1281 3539 1406 3601 oculum
1422 3557 1511 3618 aqua,

448 3632 476 3690 et
498 3632 624 3708 propter
645 3647 797 3690 summam
814 3628 972 3708 pigriciam
986 3647 1004 3690 a
1019 3632 1111 3690 stratu
1129 3646 1199 3690 meo
1216 3645 1279 3690 non
1296 3646 1346 3690 me
1362 3645 1511 3690 remoueo

447 3716 486 3778 ad
510 3720 624 3796 partem
648 3716 783 3778 dextram
808 3717 854 3780 vel
878 3716 1059 3779 sinistram.¹‘
1105 3716 1169 3784 Rex
1192 3735 1262 3779 cum
1287 3715 1346 3778 lroc
1368 3715 1510 3790 audisset

395 3825 434 3871 mo
449 3805 476 3868 ei
500 3822 629 3884 regnum
654 3803 772 3884 legauit,
797 3809 940 3884 reputans
963 3823 1034 3866 eum
1059 3805 1263 3885 pigriciorem.

803 3963 878 4044 Cap.
904 3966 942 4026 2⁵
970 3965 1030 4043 (BL
1057 3965 1149 4043 m).

748 4063 792 4120 De
809 4081 893 4122 vxore
912 4065 1007 4120 militis
1025 4068 1051 4120 et
1068 4068 1201 4134 serpente.

537 4177 719 4257 Fulgencius
735 4175 880 4253 regnauit,
905 4176 935 4236 in
960 4175 1047 4236 cuius
1070 4192 1167 4252 regno
1183 4178 1247 4235 erat
1269 4173 1394 4252 quidam
1413 4175 1512 4254 miles,
