3584 4884
832 481 1078 534 -110-

421 651 497 714 dum
533 651 666 714 recurvis
701 651 859 730 unguibus
894 651 1036 713 miseram
1070 650 1242 727 suffocaret,
1276 650 1371 712 vidue
1403 649 1490 712 iilius

366 759 408 806 555
422 739 538 803 avicule
561 757 737 802 succurrere
760 739 868 803 volens
894 740 1031 815 accurrit,
1060 740 1295 820 accipitremque
1319 740 1397 801 iuste
1421 757 1490 819 per-

421 847 545 892 cussum
569 828 687 892 oocidit
723 828 777 892 Ob
800 828 861 892 hoc
883 829 965 908 regis
986 828 1071 891 iilius
1086 827 1263 907 indignatus
1277 828 1487 890 vehementer-

421 935 483 998 que
505 917 619 994 furens,
650 917 681 980 in
706 917 822 981 ultione
849 917 999 997 accipitris
1025 916 1119 980 vidue
1146 917 1246 979 illium
1268 916 1491 980 transverberat

422 1011 451 1069 et
471 1005 616 1070 abscedit.
657 1005 743 1080 Quid
767 1024 842 1086 ergo
866 1007 960 1069 vidua
982 1024 1101 1086 pauper
1120 1010 1231 1085 ageret,
1252 1005 1321 1070 tilio
1343 1005 1437 1068 unico
1460 1010 1490 1067 et

423 1095 554 1176 possessi
570 1095 670 1174 [156⁶]
685 1095 797 1158 uncula
841 1095 1003 1158 destituta?
1069 1093 1214 1158 Cucurrit
1257 1095 1375 1158 concita
1419 1099 1490 1174 post

367 1201 408 1248 5ιο
424 1202 540 1264 regern,
578 1189 813 1263 assecutumque
851 1184 995 1260 lacrimis,
1032 1202 1122 1261 voce,
1164 1183 1351 1262 singultibus
1388 1187 1489 1262 rogat,

422 1273 566 1353 quatinus
589 1272 688 1336 lilium
712 1291 804 1336 suum
821 1273 933 1336 iniuste
948 1273 1100 1336 occissum
1116 1272 1291 1334 vindicaret
1326 1271 1390 1339 Rex
1406 1290 1489 1349 vero,

423 1365 455 1424 ut
477 1366 540 1424 erat
555 1361 704 1425 mansueti
722 1361 955 1441 miserantisquc
969 1361 1097 1424 affectus
1111 1361 1215 1439 animi,
1238 1361 1369 1440 gradum
1388 1361 1491 1441 iigens

422 1450 546 1515 viduam
581 1451 694 1514 blande
725 1451 893 1530 leniterque
926 1454 1092 1527 ammonet,
1126 1454 1160 1513 ut
1191 1450 1323 1513 reditum
1354 1450 1421 1512 eius
1449 1449 1490 1512 ab

423 1539 563 1603 hostibus
585 1539 758 1603 sustineret:
783 1539 878 1617 Tunc,
904 1539 1056 1618 inquiens,
1079 1539 1179 1602 lilium
1195 1544 1284 1602 tuum
1299 1543 1334 1601 ut
1355 1538 1491 1602 volueris

368 1646 408 1694 nis
423 1627 595 1692 vindicabo.
631 1628 669 1691 nt
684 1628 789 1690 vidua:
815 1629 850 1690 Et
873 1628 950 1708 quid
973 1628 1034 1705 liet,
1056 1628 1105 1704 ait,
1128 1628 1155 1691 si
1178 1628 1209 1691 in
1233 1626 1316 1691 bello
1332 1627 1490 1703 occideris,

422 1717 492 1798 quis
515 1717 614 1780 lilium
638 1717 826 1781 vindicabit?
873 1716 1000 1794 Mando,
1030 1717 1079 1795 ait,
1109 1735 1167 1797 pro
1190 1717 1278 1793 teci,
1309 1717 1364 1796 qui
1395 1715 1488 1778 michi

423 1807 453 1869 in
472 1824 569 1886 regno
584 1806 732 1870 succedet
767 1807 802 1868 Et
817 1805 880 1868 illa:
906 1807 943 1868 Et
963 1824 1067 1885 qnam,
1090 1806 1138 1882 ait
1163 1805 1334 1868 mercedem
1350 1805 1489 1884 accipies,

422 1896 446 1959 si
471 1895 548 1960 alius
564 1913 635 1958 eurn
651 1895 857 1972 vindicaverit,
881 1895 936 1974 qui
951 1899 980 1957 te
995 1894 1124 1971 vivente,
1147 1899 1176 1958 te
1192 1899 1346 1974 regnante,
1369 1894 1490 1956 occisus

423 1985 488 2048 est?
535 1985 667 2061 Nullam,
700 1985 806 2064 inquit.
853 1983 891 2046 At
914 1983 1019 2047 vidua:
1053 1985 1134 2063 Ergo
1162 1988 1195 2045 tu
1226 1985 1292 2063 ipse
1313 1983 1369 2059 tac,
1401 1981 1489 2062 quod

369 2091 409 2138 sao
425 2073 473 2136 alii
499 2077 697 2154 preceptums
712 2090 753 2150 es,
777 2077 811 2136 ut
834 2072 906 2136 inde
930 2072 1052 2135 laudem
1069 2073 1108 2135 ab
1132 2072 1321 2149 hominibus,
1345 2076 1407 2134 eta
1429 2070 1489 2133 diis

423 2162 575 2242 premium
599 2162 805 2242 consequaris.
840 2163 946 2224 Motus
970 2180 1022 2224 rex
1045 2166 1105 2223 tam
1130 2161 1248 2224 ratione
1271 2161 1372 2236 vidue,
1395 2178 1490 2238 quam

423 2251 512 2313 etiam
537 2250 753 2326 misericordia,
778 2250 872 2313 dilato
895 2251 1004 2312 iterum
1028 2250 1111 2313 bello
1130 2249 1169 2312 ad
1186 2251 1295 2312 urbem
1312 2249 1491 2328 regreditur.

423 2338 559 2418 Cognito
574 2343 684 2416 autem,
709 2339 794 2418 quod
811 2339 894 2402 iilius
910 2357 986 2402 suus
1008 2339 1064 2400 iilii
1087 2338 1182 2402 vidue
1204 2343 1283 2402 esset
1304 2337 1490 2400 interlector:

423 2427 554 2504 Gallina,
577 2427 625 2504 ait,
649 2431 700 2490 tua
723 2427 802 2504 satis,
827 2432 860 2490 ut
882 2432 966 2508 puto,
996 2432 1120 2491 mortuo
1142 2429 1283 2507 accipitre
1306 2431 1492 2506 conpensata

368 2533 408 2580 sas
424 2519 475 2580 est.
522 2514 666 2579 Ceterum
690 2533 747 2596 pro
775 2515 841 2579 tilio
865 2516 1021 2579 interiecto
1044 2516 1084 2580 de
1107 2517 1232 2580 duobus
1261 2516 1419 2596 optionem
1447 2514 1491 2578 do

422 2605 487 2669 tibi.
537 2605 599 2667 Aut
628 2605 719 2681 enim,
750 2605 775 2668 si
806 2604 889 2682 velis,
921 2605 1020 2667 lilium
1053 2605 1241 2683 interficiam,
1271 2609 1331 2682 aut,
1360 2605 1387 2667 si
1418 2622 1490 2665 eum

423 2694 525 2756 vivere
548 2693 658 2756 melius
688 2693 866 2770 decreveris,
896 2693 939 2756 do
970 2712 1041 2756 eum
1065 2695 1121 2757 tibi
1152 2695 1222 2758 loco
1250 2693 1371 2770 mortui,
1402 2698 1437 2754 ut
1462 2697 1492 2755 te

423 2783 501 2847 colat
524 2787 557 2845 ut
579 2787 715 2860 matrem,
749 2782 856 2846 adoret
884 2787 918 2845 ut
944 2782 1091 2862 reginam,
1126 2783 1228 2846 timeat
1258 2788 1292 2845 ut
1321 2781 1491 2856 dominam,

423 2873 595 2952 serviatque
625 2872 679 2935 tibi
710 2872 826 2935 cunctis
860 2871 921 2934 vite
951 2876 1002 2934 tue
1032 2871 1152 2936 diebus.
1198 2872 1252 2934 llla
1281 2888 1356 2934 vero
1385 2870 1492 2932 utilius

368 2980 409 3027 ouo
424 2961 483 3026 sibi
515 2962 581 3025 lore
616 2961 754 3024 iudicans
788 2961 869 3040 regis
901 2961 999 3023 filium
1034 2961 1145 3038 vivere,
1180 2979 1274 3041 quam
1309 2959 1397 3037 mori,
1432 2976 1491 3039 pro

423 3055 547 3115 mortuo
582 3051 668 3112 illum
707 3050 851 3130 suscepit,
890 3050 1094 3129 translataque
1129 3054 1174 3112 est
1211 3049 1251 3112 de
1288 3049 1412 3127 tugurio
1450 3047 1491 3109 ad

423 3141 576 3221 palatium,
608 3139 779 3220 pannicilos
808 3143 837 3202 et
864 3138 1049 3202 semicintias
1077 3139 1212 3202 vestibus
1243 3138 1359 3200 murice
1390 3136 1492 3199 tinctis

424 3233 624 3293 commutans.
672 3229 735 3296 Rex
757 3232 858 3290 autern
887 3232 958 3308 post
989 3229 1046 3290 hec
1068 3232 1174 3290 contra
1204 3228 1307 3290 hostes
1336 3225 1492 3306 proiectus

424 3324 468 3381 est
491 3322 690 3398 pugnaturus.

826 3443 852 3504 5.
890 3442 945 3521 [=
968 3441 997 3505 s.
1023 3441 1085 3521 55]

369 3589 409 3646 aas
515 3584 603 3646 Latro
627 3583 753 3662 quidam
777 3583 1002 3646 famosissimus
1025 3582 1144 3645 divitias
1167 3582 1225 3646 sibi
1249 3583 1345 3659 furtis,
1376 3581 1492 3661 rapinis

424 3676 452 3735 et
474 3671 648 3734 homicidiis
671 3689 859 3751 congregare
882 3672 998 3748 volens,
1023 3672 1137 3735 multos
1160 3672 1253 3734 huius
1275 3688 1368 3752 prave
1390 3670 1439 3732 vie
1461 3674 1493 3731 et

425 3778 565 3841 perverse
589 3761 709 3824 emulos
739 3760 797 3823 sibi
821 3760 1024 3839 copulaverat,
1055 3778 1190 3840 quorum
1222 3760 1365 3840 princeps
1394 3759 1491 3822 iactus

424 3867 487 3913 non
512 3848 635 3912 urbium
661 3849 855 3926 munitiones,
879 3866 944 3911 non
968 3849 1101 3930 presidia
1116 3854 1283 3912 castromm
1299 3848 1358 3912 sibi
1375 3847 1492 3910 habita-

425 3938 528 4002 culum
553 3938 664 4018 posuit,
688 3937 741 4000 sed
759 3941 890 4000 remotas
907 3938 1097 4014 solitudines,
1121 3938 1282 4017 speluncas
1303 3942 1333 4000 et
1347 3953 1492 3999 cavernas

370 4046 410 4093 540
426 4032 577 4110 petrarum
602 4032 631 4090 et
646 4045 741 4108 opaca
764 4043 887 4106 queque
903 4031 931 4088 et
946 4026 1048 4089 abdita
1071 4022 1335 4105 silvqrstblrum.
1372 4025 1493 4088 Diebus

424 4123 524 4181 autem
559 4121 588 4180 et
620 4116 761 4180 noctibus
800 4115 984 4177 incessanter
1010 4133 1097 4177 secus
1132 4114 1309 4177 dificiliores
1342 4113 1491 4192 regalium

425 4208 542 4269 viarum
566 4206 708 4268 transitus
731 4222 801 4266 cum
825 4203 1004 4266 satellitibus
1027 4202 1091 4264 suis
1114 4202 1239 4278 latitans,
1264 4201 1491 4264 transeuntibus
