3584 4884
822 460 1065 521 -152—

745 633 822 715 Cap.
849 640 910 698 193
937 632 996 718 (Βὶ.
1023 635 1142 714 113ν.).

701 754 744 810 De
761 754 821 810 filla
838 754 918 824 regis,
938 771 994 827 que
1012 755 1111 827 petiuit
1129 754 1187 811 tria.

503 910 530 962 t.
555 902 625 963 Erat
646 900 773 980 quidam
798 919 858 978 rex,
889 902 944 981 qui
973 902 1067 963 liliam
1099 901 1257 981 pulchram
1286 900 1418 964 habebat
1445 920 1482 963 ac

411 990 586 1070 sapientem,
610 1007 704 1070 quam
728 994 814 1069 pater
842 991 983 1052 maritare
1005 990 1135 1053 volebat
1182 990 1234 1053 llla
1262 1008 1336 1052 vero
1367 994 1480 1052 uotum

412 1079 473 1142 deo
501 1079 579 1154 lecit,
610 1077 697 1158 quod
726 1096 897 1158 numquam
928 1079 1029 1141 virum
1060 1080 1216 1159 acciperet,
1248 1079 1307 1141 nisi
1339 1078 1393 1158 qui
1424 1079 1481 1140 tria

349 1171 604 1249 inoperpetraret
621 1166 761 1229 Primum
774 1171 845 1245 erat,
861 1167 948 1247 quod
965 1167 1079 1231 diceret
1094 1168 1244 1244 veraciter,
1260 1167 1345 1247 quod
1363 1167 1480 1247 pedum

411 1261 512 1320 essent
526 1256 557 1318 in
575 1254 777 1335 longitudine,
801 1256 959 1319 latitudine
976 1258 1015 1320 Ν
1030 1256 1188 1321 elementa.
1223 1255 1375 1332 Secundo,
1391 1256 1480 1335 quod

411 1348 539 1408 mutaret
568 1349 694 1408 ventum
725 1345 764 1408 ab
795 1346 942 1424 aquilone
972 1345 1004 1408 in
1037 1346 1196 1408 orientem.
1242 1344 1361 1423 Tercio,
1392 1344 1480 1424 quod

411 1435 515 1514 ignem
539 1438 673 1513 portaret
695 1433 726 1495 in
750 1434 870 1513 gremio
885 1434 953 1496 sine
977 1434 1092 1497 lesione
1116 1433 1198 1497 iuxta
1213 1433 1328 1497 nudam
1345 1450 1480 1496 carnem.

501 1531 531 1585 2.
556 1522 620 1590 Rex
650 1540 720 1585 cum
751 1522 812 1585 hoc
840 1522 987 1600 audisset,
1026 1523 1096 1586 iecit
1127 1523 1181 1586 ista
1210 1522 1267 1585 tria
1297 1540 1352 1603 per
1382 1527 1480 1585 totum

351 1630 543 1691 rasoregnum
575 1610 737 1691 diuulgari,
775 1615 805 1674 et
833 1611 1024 1691 quicumque
1060 1612 1111 1674 illa
1140 1612 1197 1674 tria
1227 1610 1345 1689 faceret,
1383 1610 1480 1672 liliam

412 1702 479 1764 eius
501 1700 532 1762 in
556 1718 683 1763 vxorem
707 1700 840 1764 haberet
885 1700 976 1762 Multi
999 1704 1100 1763 autem
1127 1704 1278 1763 venerunt
1301 1704 1331 1763 et
1351 1702 1481 1778 tempta·

412 1794 523 1853 uerunt
545 1788 601 1853 ista
623 1790 681 1851 lll²
703 1788 838 1869 implere,
862 1788 916 1851 sed
941 1788 1125 1852 deiecerunt

502 1884 530 1941 3.
555 1879 624 1941 Erat
645 1883 720 1941 tunc
733 1876 860 1957 quidam
884 1877 1005 1957 mi-(Bl.
1025 1877 1174 1957 tt4r.)les
1197 1877 1229 1939 in
1253 1876 1390 1957 partibus
1413 1876 1482 1939 lon-

412 1967 550 2047 ginquis;
573 1967 715 2046 quicum
738 1966 778 2029 de
801 1971 878 2029 uoto
901 1966 1003 2047 puelle
1025 1966 1151 2044 audiret,
1175 1966 1214 2028 ad
1231 1966 1383 2046 palacium
1398 1964 1482 2045 regis

350 2056 494 2125 imvenit
516 2056 634 2119 ducens
656 2073 760 2119 secum
777 2055 927 2117 lamulum
944 2072 1040 2117 vnum
1067 2073 1103 2117 ac
1125 2073 1239 2135 eqvum
1263 2053 1480 2119 furibundum.

412 2144 460 2207 lld
484 2145 607 2207 ianuam
631 2144 771 2224 pulsauit
795 2148 830 2205 nt
851 2144 1009 2207 introitum
1035 2144 1166 2207 haberet
1198 2144 1310 2207 lanitor
1324 2161 1395 2206 cum
1411 2142 1481 2205 eius

413 2234 577 2312 negocium
602 2232 804 2308 intellexisset,
835 2232 937 2313 ipsum
967 2232 1143 2295 introduxit
1189 2232 1322 2295 Aulaum
1348 2232 1480 2309 intrauit,

412 2340 515 2400 regem
539 2326 569 2383 et
591 2320 725 2401 puellam
748 2325 778 2383 et
800 2337 910 2383 omnes
933 2320 1072 2384 sedentes
1100 2322 1131 2383 in
1156 2338 1262 2383 mensa
1284 2321 1356 2384 satis
1379 2320 1481 2383 hono-

413 2410 496 2472 rilice
525 2409 667 2472 salutauit
696 2414 726 2471 et
755 2409 808 2471 ait:
853 2410 1011 2474 „Domine
1046 2410 1088 2471 mi
1124 2428 1184 2487 rex,
1222 2428 1291 2473 ecee
1328 2408 1367 2471 ad
1398 2409 1481 2489 pala-

350 2498 493 2567 uoocium
517 2502 604 2560 tuum
620 2498 692 2560 veni
707 2497 746 2559 ad
762 2498 967 2577 optinendum
992 2498 1086 2561 liliam
1110 2503 1239 2582 vestram
1265 2499 1296 2559 in
1320 2512 1478 2561 vxorem.u

501 2594 530 2649 4.
553 2587 603 2649 nit
625 2604 690 2649 rex:
717 2587 796 2650 „Fac
817 2604 902 2665 ergo,
926 2587 1012 2666 quod
1037 2588 1252 2667 provulgatum
1277 2591 1329 2664 est,
1352 2592 1382 2649 et
1403 2604 1483 2649 vxor

412 2680 463 2738 tua
486 2676 554 2738 erit!
592 2675 697 2737 Primo
720 2674 771 2737 dic
793 2675 895 2752 michi,
920 2675 1005 2754 quod
1030 2675 1124 2756 pedes
1148 2676 1261 2739 habent
1277 2676 1317 2739 Ν
1331 2675 1480 2738 elementa

413 2765 444 2827 in
460 2764 662 2844 longitudine,
679 2764 836 2827 latitudine
848 2768 877 2826 et
889 2764 1140 2844 profunditateil
1164 2764 1228 2839 Qui
1241 2765 1295 2828 ait:
1313 2802 1327 2829 n
1335 2764 1480 2841 Domine,

413 2854 511 2918 statim
547 2852 772 2934 respondebo·
823 2854 956 2917 Uocauit
989 2853 1140 2916 famulum
1175 2871 1266 2917 suum
1302 2858 1331 2915 el
1364 2852 1404 2915 ait
1438 2852 1481 2915 ei:

352 2943 507 3012 rroolCito
541 2960 634 3023 super
667 2946 777 3005 terram
812 2942 943 3005 iaceas!u
1003 2942 1042 3004 nt
1075 2942 1138 3005 ille:
1176 2942 1342 3018 „Domine
1378 2945 1481 3021 presto

413 3048 511 3096 sum.l
560 3031 643 3096 Cum
666 3036 767 3094 autem
790 3031 835 3094 sie
864 3031 1012 3107 iacuisset,
1043 3031 1131 3093 miles
1153 3048 1171 3093 a
1194 3030 1290 3111 capite
1321 3028 1481 3110 usquead

415 3122 508 3202 pedes
531 3138 645 3201 corpus
667 3139 759 3183 suum
784 3120 980 3183 mensurauit.
1014 3120 1084 3183 lloc
1107 3120 1184 3183 lacto
1207 3120 1248 3182 ait
1271 3120 1349 3199 regi:
1376 3119 1481 3196 mccc,

414 3210 550 3288 domine,
574 3210 709 3291 primum
725 3214 771 3272 est
786 3210 959 3289 probatum.
994 3208 1095 3271 Crede
1112 3209 1213 3285 michi,
1238 3208 1269 3270 in
1287 3206 1481 3287 longitudine

415 3305 444 3362 et
466 3298 623 3361 latitudine
647 3299 686 3360 Ν
709 3299 930 3361 elementorum
963 3315 1026 3360 non
1055 3302 1127 3360 sunt
1157 3298 1215 3359 nisi
1238 3297 1291 3361 Vll
1316 3295 1418 3377 pedes,
1449 3295 1481 3357 in

352 3408 406 3453 uro
416 3387 623 3468 profunditate
656 3405 732 3450 vero
759 3387 810 3448 vix
840 3404 921 3448 vnus
952 3404 1006 3467 pes
1033 3405 1103 3450 cum
1128 3386 1294 3449 dimidiol¹⁴
1342 3384 1393 3447 Ait
1415 3402 1481 3447 rex:

417 3475 523 3549 „Quid
554 3476 650 3538 homo
680 3475 719 3537 ad
749 3476 787 3538 Ν
810 3475 1000 3537 elementa?¹‘
1050 3475 1114 3549 Qui
1146 3474 1317 3556 respondit:
1353 3475 1480 3550 „lmm0,

414 3564 549 3626 domine.
587 3563 702 3627 Omnis
725 3563 821 3626 homo
845 3563 1042 3643 componitur
1065 3583 1101 3625 ex
1126 3565 1166 3627 Ν
1189 3562 1354 3627 elementis.
1392 3549 1482 3625 Vnde

415 3652 541 3732 quando
564 3652 714 3714 lamulum
738 3670 842 3714 meum
866 3653 1051 3730 mensuraui,
1077 3653 1116 3717 Ν
1131 3653 1280 3715 elementa
1304 3650 1480 3714 mensuraui

415 3741 586 3804 secundum
610 3758 720 3804 omnes
742 3740 999 3804 dimensisones.¹‘

355 3850 409 3896 1415
508 3832 536 3892 5.
566 3830 616 3891 nit
649 3847 714 3891 rex:
756 3829 875 3893 „Amen
908 3828 978 3891 dico
1009 3829 1077 3905 tibi,
1112 3829 1184 3893 satis
1214 3830 1293 3892 clare
1324 3826 1480 3891 declarasti

417 3919 502 3982 illud.
549 3920 610 3981 lam
641 3916 845 3998 procedamus
873 3916 912 3979 ad
942 3918 1128 3980 secundum!
1177 3919 1262 3981 Muta
1288 3921 1414 3980 ventum
1441 3916 1481 3979 ab

416 4009 562 4089 aquilone
591 4008 623 4070 in
656 4007 840 4070 orientemu
889 4006 928 4067 nt
957 4005 1020 4069 ille:
1057 4007 1222 4084 „Dominq
1253 4006 1307 4068 liat
1337 4006 1481 4069 uoluntas

416 4100 501 4161 mata
559 4098 664 4161 Statim
699 4095 776 4157 dixit
809 4094 927 4156 lamulo
961 4112 1033 4157 suo:
1075 4094 1206 4159 „Adduc
1240 4094 1332 4157 michi
1368 4112 1481 4174 eqvum

417 4204 520 4248 meum
544 4184 785 4248 furibunduml¹¹
834 4182 916 4243 Cum
944 4185 1045 4243 autem
1076 4200 1147 4245 eum
1178 4182 1363 4259 adduxisset,
1397 4181 1483 4244 dedit
