3584 4884
846 470 1067 527 ...48-

821 684 850 740 2.
887 676 941 757 [ε
966 676 997 741 s.
1023 676 1088 757 11]

512 818 650 893 Quidam
684 818 742 881 tuit
776 819 824 883 leo
860 819 891 881 in
926 817 1063 899 quodam
1100 819 1188 882 bono
1223 818 1292 882 loco
1327 818 1493 881 multarum

369 906 557 971 muletarum
581 912 611 969 et
633 925 791 986 equarum,
823 926 880 971 nec
902 908 963 971 hoc
992 908 1051 971 illis
1073 907 1147 970 teris
1169 906 1318 987 quiquam
1349 906 1495 987 proderat

423 999 548 1077 propter
569 996 710 1059 timorem
742 996 840 1060 leonis
867 996 921 1076 qui
949 996 1035 1060 omni
1062 996 1114 1057 die
1140 996 1277 1076 rapiebat
1304 996 1344 1059 de
1374 996 1435 1059 illis
1465 1001 1496 1059 et

422 1084 596 1147 devorabat
644 1086 679 1147 Ε1
702 1086 806 1149 habito
830 1085 961 1149 consilio
989 1085 1067 1147 inter
1093 1103 1127 1147 se
1149 1084 1361 1148 veneruntad
1389 1085 1493 1166 ipsum

422 1173 557 1237 dicentes
579 1173 620 1237 ei:
645 1174 726 1237 Scito
750 1175 897 1254 quoniam
923 1192 986 1238 non
1004 1178 1091 1254 potes
1111 1174 1255 1237 haberea
1273 1174 1365 1237 nobis
1379 1174 1493 1237 animal

424 1262 483 1325 nisi
506 1280 577 1325 cum
602 1262 707 1325 labore
731 1263 866 1327 maximo
882 1267 912 1326 et
933 1263 1060 1343 strepitu
1083 1262 1269 1340 venationis;
1292 1280 1376 1325 nunc
1390 1267 1492 1325 autem

369 1369 410 1415 111
425 1350 600 1414 invenimus
619 1352 748 1414 modum
763 1352 867 1415 utilem
888 1368 947 1432 pro
961 1356 991 1415 11
1008 1351 1049 1432 [11
1063 1351 1177 1432 nobisl,
1193 1352 1341 1431 quoniam
1354 1351 1379 1415 si
1393 1352 1494 1415 reddi-

423 1440 505 1503 deris
528 1457 587 1503 nos
609 1440 791 1520 tranquillos
814 1445 843 1503 et
857 1458 984 1504 securos
1001 1458 1020 1503 a
1034 1440 1146 1504 timore
1159 1440 1204 1503 tui
1228 1458 1286 1503 nec
1300 1440 1495 1504 insidiaberis

424 1528 522 1605 nobis,
550 1529 636 1592 omni
666 1529 716 1592 die
747 1529 915 1593 offeremus
944 1529 999 1593 tibi
1027 1534 1138 1610 sponte
1161 1529 1192 1591 in
1216 1529 1293 1592 hora
1315 1529 1375 1592 cibi
1400 1547 1494 1591 unam

423 1617 550 1681 bestiam
585 1616 625 1680 de
660 1618 752 1682 nobis
786 1636 843 1698 pro
872 1623 928 1682 tuo
957 1618 1037 1681 cibo.
1090 1618 1187 1692 Quod
1220 1617 1347 1697 quidem
1382 1618 1496 1698 placuit

424 1706 516 1783 leoni,
540 1710 570 1769 et
592 1707 733 1786 promisit
755 1707 799 1771 eis
823 1712 945 1787 pactum
969 1707 1142 1771 observare.
1182 1706 1327 1781 Quadam
1343 1724 1418 1770 vero
1434 1707 1494 1785 die,

370 1814 411 1859 rao
426 1813 496 1859 cum
527 1800 639 1859 sortem
675 1796 833 1859 eiecissent
866 1796 945 1859 inter
974 1812 1025 1858 eas
1055 1813 1148 1874 quam
1180 1795 1315 1876 ipsarum
1346 1794 1497 1858 deberent

425 1884 522 1947 ollere
550 1884 641 1961 leoni,
672 1885 796 1947 advenit
825 1902 892 1948 sors
923 1885 1045 1948 cuidam
1077 1884 1184 1964 lepori,
1214 1884 1263 1947 cui
1293 1890 1496 1965 preceperunt

426 1973 507 2037 leoni
538 1992 571 2037 se
604 1978 784 2054 presentare.
840 1974 926 2037 Dixit
954 1974 998 2037 eis
1029 1974 1133 2054 lepus:
1165 1972 1196 2037 si
1227 1973 1387 2036 volueritis
1417 1974 1494 2036 mitri

425 2062 596 2125 consentire
619 2067 649 2125 et
675 2062 831 2126 conlidere
854 2064 893 2126 de
917 2081 967 2125 1111
994 2062 1026 2124 in
1054 2081 1087 2125 re
1110 2080 1172 2142 que
1202 2062 1294 2125 nobis
1321 2062 1377 2125 erit
1403 2062 1495 2141 utilis,

425 2168 517 2231 spero
546 2168 604 2214 vos
634 2152 763 2214 reddere
792 2170 918 2215 securos
940 2157 970 2215 et
992 2151 1113 2231 quietos
1139 2169 1158 2213 a
1184 2151 1357 2215 turbatione
1384 2151 1493 2216 leonis.

371 2256 412 2302 111
427 2238 487 2302 Cui
511 2240 748 2319 responderunt:
780 2240 867 2313 Quid
890 2244 936 2303 est
958 2239 1056 2302 illud?
1091 2239 1167 2319 quid
1195 2240 1242 2304 vis
1268 2240 1322 2303 tiat
1344 2240 1420 2303 tibi?
1460 2241 1497 2303 lit

425 2328 466 2391 ait
488 2327 531 2390 eis
555 2328 657 2407 lepus:
681 2327 767 2401 Quid
791 2325 856 2391 est?
880 2328 954 2391 volo
977 2327 1063 2407 quod
1087 2329 1141 2390 uni
1164 2333 1299 2392 vestrum
1323 2329 1496 2409 precipiatis

425 2416 530 2479 venire
546 2434 666 2479 mecum
690 2417 729 2479 ad
754 2418 875 2480 leonem
899 2421 929 2479 et
951 2434 1015 2479 non
1037 2416 1158 2480 festinet
1173 2436 1223 2480 me
1239 2422 1411 2498 presentare
1426 2417 1494 2495 sibi,

425 2504 526 2568 donec
549 2509 696 2585 pretereat
723 2506 799 2569 hora
822 2506 891 2569 cibi.
937 2504 998 2568 Cui
1021 2506 1140 2569 dicunt:
1171 2507 1324 2570 Volumus
1351 2506 1404 2568 fiat
1430 2506 1494 2569 tibi.

428 2594 463 2656 Et
485 2612 638 2674 exurgens
661 2595 749 2675 lepus
772 2612 841 2657 cum
865 2594 953 2659 socio
976 2612 1043 2672 suo,
1067 2595 1121 2657 ivit
1142 2594 1181 2657 ad
1206 2596 1327 2659 leonem
1350 2599 1380 2657 et
1403 2598 1494 2657 retar-

372 2700 412 2745 140
428 2682 510 2745 davit
525 2688 697 2763 presentare
712 2684 822 2761 sesibi‚
839 2683 940 2747 donec
955 2684 1031 2747 hora
1046 2684 1107 2747 cibi
1127 2684 1268 2764 preteriit.
1307 2685 1343 2746 lit
1357 2684 1496 2747 esuriens

428 2772 476 2833 leo
505 2772 636 2835 surrexit
665 2773 704 2835 de
737 2773 807 2835 loco
837 2790 904 2850 suo,
937 2777 966 2835 et
995 2772 1161 2853 respiciens
1190 2790 1279 2836 secus
1308 2773 1389 2835 viam
1419 2772 1497 2835 vidit

427 2861 593 2939 quemdam
617 2860 753 2941 leporem
776 2861 970 2925 accedentem
989 2861 1029 2924 ad
1052 2862 1164 2942 ipsum.
1203 2860 1348 2941 Cumque
1371 2878 1496 2942 presen-

426 2953 517 3014 tasset
539 2967 572 3012 se
594 2949 662 3027 sibi,
694 2950 891 3029 interrogavit
918 2950 1005 3012 illum
1034 2949 1118 3012 unde
1140 2950 1257 3012 veniret
1288 2955 1318 3013 et
1340 2951 1393 3013 ubi
1416 2955 1496 3013 esset

427 3039 516 3101 turba
546 3039 703 3101 sociorum
738 3056 867 3101 suorum
898 3043 928 3101 et
956 3056 1011 3101 cur
1040 3043 1156 3101 tantum
1189 3038 1380 3101 tardaverint.
1433 3039 1495 3101 Cui

374 3144 414 3190 145
430 3127 589 3209 respondit
611 3127 711 3207 lepus:
737 3129 803 3207 Ego
826 3127 866 3191 ab
890 3128 934 3190 eis
956 3127 1057 3206 venio,
1081 3128 1239 3190 mittebant
1252 3132 1354 3191 autem
1370 3128 1424 3190 tibi
1441 3146 1496 3207 per

429 3235 478 3279 me
505 3234 603 3281 unum
635 3216 771 3297 leporem
803 3220 836 3278 ut
866 3216 967 3296 ipsum
999 3216 1053 3280 tibi
1084 3221 1304 3296 presentarem;
1339 3217 1393 3279 sed
1424 3234 1495 3279 cum

428 3324 525 3368 essem
551 3324 648 3385 prope
671 3306 755 3368 hunc
778 3304 889 3383 locum,
913 3324 983 3368 ecce
997 3306 1173 3386 supervenit
1195 3306 1271 3368 mihi
1294 3306 1372 3369 alius
1395 3305 1444 3367 leo
1467 3309 1498 3367 et

428 3395 528 3474 rapuit
550 3396 651 3475 ipsum
676 3394 761 3456 mihi.
807 3393 868 3457 Cui
892 3412 952 3474 ego
975 3393 1128 3457 dicebam:
1159 3393 1251 3471 Cave,
1280 3395 1428 3475 quoniam
1452 3399 1497 3457 est

428 3483 515 3546 cibus
538 3483 626 3563 regis,
650 3484 703 3562 qui
727 3482 856 3545 oilertur
877 3484 915 3560 ei,
938 3482 1002 3545 noli
1026 3483 1127 3563 ipsum
1148 3487 1254 3546 contra
1268 3487 1297 3545 te
1320 3500 1496 3563 provocare.

374 3587 414 3633 111
430 3570 494 3644 Qui
518 3590 588 3635 cum
612 3572 737 3649 audiret,
762 3571 984 3651 blasphemavit
1002 3575 1038 3649 te,
1061 3572 1179 3635 dicens:
1204 3574 1270 3651 Ego
1286 3590 1355 3633 sum
1371 3571 1498 3651 dignior

429 3660 497 3740 ipso
521 3678 648 3740 regnare
672 3661 703 3723 in
727 3661 887 3724 hocloco.
934 3660 1011 3724 Veni
1036 3660 1128 3740 igitur
1149 3660 1189 3723 ad
1213 3659 1407 3723 referendum
1431 3658 1495 3721 tibi.

430 3751 465 3811 Et
486 3750 616 3812 audiens
639 3748 688 3813 leo
711 3750 798 3813 dixit:
830 3749 908 3813 Veni
932 3766 1053 3812 mecum
1081 3748 1260 3826 etostende
1283 3747 1358 3809 1111111
1383 3746 1495 3827 ipsum.

430 3837 465 3901 Et
488 3838 542 3901 ivit
564 3838 652 3919 lepus
680 3840 796 3902 ducens
819 3838 922 3919 ipsum
950 3838 989 3901 ad
1018 3843 1143 3919 puteum
1167 3855 1255 3916 aque.
1302 3837 1371 3898 Erat
1392 3839 1494 3899 autem

429 3944 509 4007 aqua
530 3927 617 3990 clara.
666 3929 701 3990 Et
723 3928 799 3990 dixit
822 3928 923 4007 lepus:
956 3927 1016 3990 l·lic
1043 3927 1186 3990 manebat
1213 3925 1262 3988 ille
1290 3925 1339 3989 leo
1367 3925 1495 4005 dequo

377 4034 417 4081 rm
432 4016 486 4081 tibi
509 4016 581 4080 dixi.
621 4017 656 4079 lit
679 4016 843 4097 respiciens
867 4017 916 4079 leo
938 4016 978 4079 ad
1001 4016 1117 4079 iontem
1142 4014 1233 4095 putei,
1261 4015 1415 4078 resultavit
1436 4015 1496 4078 sibi

432 4106 541 4170 umbra
563 4122 619 4169 sua
642 4110 671 4167 et
686 4106 812 4185 leporis;
836 4106 950 4168 corruit
968 4123 1062 4185 super
1077 4105 1177 4185 ipsum
1195 4103 1226 4166 in
1243 4108 1345 4185 puteo,
1368 4103 1497 4167 credens

433 4214 569 4276 pugnare
591 4212 661 4257 cum
685 4212 731 4257 eo.
779 4193 842 4267 Qui
867 4198 1008 4257 mortuus
1034 4197 1080 4255 est
1101 4193 1153 4255 ibi.
1201 4194 1237 4255 Et
1259 4193 1381 4255 rediens
1408 4193 1497 4273 lepus
