3584 4884
843 415 995 472 -lw
1044 443 1084 453 -

378 605 420 652 ato
436 587 541 650 intime
565 587 704 668 respexit,
728 588 758 650 in
783 605 933 650 cameram
958 586 1047 649 rediit
1069 590 1099 649 et
1119 585 1172 648 ait:
1199 586 1356 651 „Domine
1379 587 1431 663 mi,
1456 591 1502 649 est

432 676 558 757 quidam
590 677 685 738 homo
714 675 745 739 in
774 676 850 754 aula,
882 676 931 738 cui
961 693 1072 738 omnes
1102 675 1254 738 honorem
1289 675 1410 752 iaciunt,
1444 676 1499 755 qui

431 769 547 828 tantum
571 764 754 828 assimilatur
769 765 858 828 vobis
874 764 905 827 in
922 764 1078 841 omnibus,
1101 764 1197 843 quod,
1220 765 1291 843 quis
1306 768 1440 826 vestrum
1461 765 1502 826 sit

432 853 604 934 imperator,
636 853 757 934 penitus
780 853 988 933 ignoramus.l
1038 855 1205 933 imperator
1227 853 1284 915 hec
1305 853 1436 915 audiens
1458 854 1501 915 ait

433 942 627 1023 imperatrici:
662 942 848 1010 „Karissima
870 941 1006 1018 domina,
1038 942 1085 1004 exi
1109 941 1193 1004 toras
1214 944 1244 1003 et
1266 941 1358 1004 michi
1382 942 1440 1017 dic,
1472 945 1499 1004 si

377 1049 418 1094 aso
434 1031 576 1094 noticiam
600 1031 667 1094 eius
690 1031 810 1108 habeas,
841 1036 871 1092 et
899 1030 990 1092 michi
1015 1030 1194 1093 renuncia!u
1244 1030 1296 1092 llla
1318 1048 1392 1093 vero
1415 1031 1500 1106 foras

432 1119 532 1196 exiuit,
557 1124 679 1183 etcum
704 1137 775 1182 eum
799 1119 932 1195 vidisset,
955 1119 1181 1182 ammirabatur.
1218 1118 1322 1182 Statim
1346 1137 1498 1182 cameram

433 1209 555 1270 intrauit
577 1213 606 1271 et
628 1209 680 1271 ait:
715 1209 765 1273 »Ο
789 1208 923 1284 domine,
957 1208 988 1270 in
1020 1208 1157 1288 periculo
1184 1208 1286 1270 anime
1313 1226 1380 1270 mee
1408 1209 1500 1272 vobis

431 1315 527 1360 vnum
552 1297 630 1374 dico,
655 1297 750 1376 quod,
774 1297 845 1377 quis
867 1301 1001 1359 vestrum
1024 1297 1063 1359 sit
1085 1295 1234 1360 dominus
1257 1314 1352 1374 meus,
1376 1298 1500 1377 penitus

432 1385 571 1465 ignoro.‘¹
608 1386 648 1448 At
663 1387 726 1449 ille:
754 1423 766 1450 η
774 1387 818 1448 Ex
834 1405 899 1465 quo
914 1385 959 1448 sic
980 1390 1032 1462 est,
1056 1385 1133 1448 ioris
1156 1403 1281 1466 pergam
1298 1390 1328 1447 et
1342 1386 1498 1447 veritatem

377 1491 418 1538 auo
433 1474 628 1538 discuciamss
662 1474 744 1538 Cum
768 1475 868 1537 aulam
893 1475 1038 1551 intrasset,
1062 1492 1133 1536 eum
1158 1492 1212 1554 per
1235 1492 1360 1536 manum
1384 1476 1501 1554 aocepit

432 1567 461 1626 et
484 1564 565 1626 iuxta
588 1582 659 1627 eum
683 1567 761 1626 stare
784 1563 853 1626 iecit
876 1568 905 1625 et
935 1563 1056 1626 uocauit
1083 1580 1192 1625 omnes
1220 1563 1342 1625 nobiles
1369 1563 1401 1624 in
1428 1564 1500 1625 aula

432 1656 504 1715 tunc
535 1653 694 1716 existentes
725 1671 795 1715 cum
827 1652 1017 1732 imperatrice
1040 1655 1070 1714 et
1091 1652 1143 1714 ait:
1181 1652 1261 1716 „Per
1284 1652 1498 1730 iuramentum,

432 1741 518 1822 quod
535 1741 654 1820 lecistis,
671 1741 768 1818 dicite,
786 1741 856 1821 quis
872 1745 1012 1803 nostrum
1029 1744 1074 1803 est
1089 1740 1294 1820 imperator?“
1322 1741 1499 1821 lmperatrix

433 1830 534 1910 primo
558 1830 728 1911 respondit:
762 1829 928 1906 „Domine
956 1829 1049 1891 miehi
1073 1829 1223 1892 incumbit
1245 1829 1346 1908 primo
1370 1847 1498 1909 respon-

376 1937 417 1983 seo
433 1918 513 1982 dere.
559 1920 657 1984 Testis
690 1923 735 1982 est
769 1918 859 1981 michi
895 1917 972 1980 deus
1007 1918 1038 1979 in
1073 1918 1153 1994 celis
1188 1918 1258 1998 quis
1292 1923 1426 1980 vestrum
1460 1918 1500 1981 sit

432 2007 579 2071 dominus
602 2026 698 2085 meus,
729 2008 851 2088 penitus
874 2007 1021 2086 ignoro!u
1071 2008 1107 2068 Et
1136 2007 1180 2069 sic
1209 2024 1319 2070 omnes
1346 2007 1498 2070 dixerunt.

432 2097 519 2159 Tunc
535 2098 575 2159 ait
590 2097 648 2174 ille,
673 2097 726 2176 qui
750 2097 789 2159 de
813 2115 932 2159 camera
955 2096 1060 2158 exiuit:
1087 2095 1218 2160 „Audite
1233 2098 1296 2158 me!
1330 2097 1386 2158 lste
1401 2097 1498 2159 homo

430 2189 476 2248 est
499 2186 664 2265 imperator
695 2191 794 2247 vester
815 2189 844 2248 et
866 2184 1026 2261 dominus;
1058 2203 1128 2246 nam
1159 2185 1264 2263 aliquo
1294 2189 1432 2265 tempore
1465 2203 1498 2248 se

432 2279 537 2336 contra
560 2274 652 2336 deum
677 2275 778 2351 erexit,
809 2273 891 2336 vnde
922 2274 1026 2336 omnis
1056 2273 1167 2336 noticia
1198 2273 1361 2336 hominum
1391 2274 1431 2336 ab
1460 2292 1498 2336 eo

377 2380 417 2426 sos
434 2362 561 2439 recessit,
586 2380 748 2441 quousque
771 2362 1012 2425 satisfaccionem
1036 2362 1096 2424 deo
1119 2362 1196 2425 iecit
1239 2363 1305 2441 Ego
1328 2381 1403 2425 vero
1426 2380 1496 2425 sum

432 2450 560 2529 angelus
583 2450 657 2528 eius,
681 2455 784 2514 custos
806 2451 909 2513 anime
932 2469 995 2528 sue,
1019 2451 1073 2531 qui
1096 2451 1260 2531 imperium
1284 2469 1376 2516 suum
1397 2456 1497 2514 custo

432 2539 505 2616 diui,
541 2539 689 2618 quamdiu
725 2539 927 2619 penitenciam
962 2541 1113 2622 sustinuit.
1161 2541 1222 2601 lam
1253 2541 1423 2620 penitencia
1453 2545 1500 2603 est

431 2627 582 2708 completa
598 2633 627 2690 et
642 2647 700 2708 pro
716 2628 832 2691 delictis
848 2629 913 2691 suis
928 2629 1077 2706 satisfecit,
1100 2628 1181 2708 quia,
1205 2633 1237 2690 vt
1258 2629 1384 2705 vidistis,
1408 2628 1496 2690 illum

431 2716 470 2779 ad
494 2717 607 2780 oaudas
630 2717 701 2797 equi
724 2717 912 2780 trahi—feci.‘¹
951 2718 1020 2780 Hiis
1043 2718 1131 2780 dictis
1153 2718 1206 2780 ait:
1233 2717 1410 2782 „Ammono
1432 2718 1498 2780 sitis

377 2824 418 2870 aro
434 2806 460 2868 ei
489 2806 681 2869 obedientes!
728 2807 776 2868 nd
807 2805 901 2869 deum
933 2825 990 2869 vos
1022 2806 1273 2870 recommendo!
1321 2807 1426 2869 Statim
1456 2807 1497 2869 ab

432 2895 546 2958 occulis
562 2914 669 2958 eorum
686 2895 843 2976 dispamit.
883 2897 1051 2976 imperator
1064 2914 1140 2958 vero
1155 2895 1272 2975 gracias
1286 2895 1348 2958 deo
1364 2894 1499 2957 reddidit

431 2989 460 3047 et
482 2989 553 3065 post
582 2985 638 3048 hec
661 2985 746 3048 omni
778 2989 917 3064 tempore
939 2985 999 3046 vite
1028 3003 1083 3047 sue
1106 2984 1138 3046 in
1162 2984 1245 3046 bona
1276 3003 1350 3064 pace
1372 2984 1446 3045 vixit
1468 2989 1499 3046 et

431 3073 571 3153 spiritum
596 3074 656 3136 deo
678 3073 809 3136 tradidit.

773 3268 848 3350 Cap.
875 3271 936 3331 156
963 3269 1022 3346 (Bl.
1050 3269 1143 3347 79r.).

686 3387 730 3443 De
749 3403 874 3459 canpana
892 3391 920 3443 et
938 3387 1043 3443 iudicio
1062 3390 1088 3442 et
1106 3390 1239 3460 serpente

521 3514 717 3578 Theodosius
740 3517 771 3577 in
795 3516 915 3579 ciuitate
930 3535 1057 3579 romana
1077 3516 1216 3595 regnauit
1238 3515 1376 3596 prudens
1398 3515 1496 3593 valde,

376 3619 417 3665 sno
432 3602 485 3681 qui
510 3603 614 3666 lumen
643 3605 822 3667 occulorum
854 3606 1035 3668 ammiserat.
1082 3603 1185 3672 Edidit
1208 3603 1362 3684 quandam
1387 3604 1496 3682 legem,

431 3690 513 3769 quod
549 3690 681 3770 quedam
718 3711 865 3773 campana
904 3694 934 3755 in
970 3694 1087 3773 palacio
1122 3698 1206 3769 esset,
1245 3698 1274 3755 et
1307 3693 1497 3772 quicumque

430 3779 563 3858 aliquam
588 3798 710 3842 causam
734 3786 857 3844 tractare
880 3783 1012 3859 haberet,
1044 3783 1169 3845 cordam
1193 3800 1340 3861 oampane
1362 3781 1497 3862 propriis

431 3869 574 3931 manibus
597 3868 727 3931 traheret
755 3889 790 3932 ac
818 3871 959 3951 pulsaret,
989 3871 1028 3933 ad
1051 3871 1139 3934 cuius
1169 3870 1378 3950 pulsacionem
1403 3869 1496 3932 iudex

431 3958 469 4022 ad
494 3959 553 4020 hoc
575 3958 756 4021 constitutus
772 3958 969 4022 descenderet
983 3965 1013 4022 et
1027 3960 1192 4038 vnicuique
1213 3959 1361 4022 iusticiam
1377 3959 1496 4021 taceret.

375 4065 416 4111 aso
435 4049 502 4110 Erat
524 4053 596 4112 tunc
619 4047 745 4126 quidam
769 4065 904 4127 serpens,
936 4049 989 4127 qui
1013 4049 1072 4111 sub
1095 4047 1189 4111 corda
1216 4066 1363 4127 campane
1386 4047 1495 4110 nidum

430 4138 540 4200 fecerat
569 4142 598 4198 et
625 4136 703 4197 inira
732 4140 854 4215 tempus
885 4138 980 4198 breue
1011 4137 1113 4216 proles
1142 4135 1296 4215 produxit.
1344 4136 1417 4198 Post
1439 4136 1497 4199 hec
