3584 4884
848 432 1090 489 -146-

437 619 552 681 ponere
575 607 687 682 posset.
736 604 801 683 Ego
829 622 912 682 vero,
943 609 977 667 ut
1005 605 1048 668 sis
1077 624 1209 682 securus,
1240 607 1309 670 loco
1340 608 1438 688 ipsius
1467 610 1497 671 in

374 707 553 754 rtmcarcere
585 691 730 770 manebo,
765 691 865 756 donec
894 693 1021 756 veniatt
1081 695 1165 756 Dixit
1195 695 1298 758 iudex:
1332 698 1416 761 „Tali
1447 698 1498 760 die

437 779 583 842 iudicium
607 779 646 842 de
669 798 707 843 eo
730 799 766 844 ac
788 780 827 844 de
849 782 917 845 aliis
940 782 1004 859 liet;
1027 783 1147 846 sivero
1170 785 1201 845 in
1226 784 1334 847 eodem
1358 786 1410 848 die
1433 804 1497 849 non

435 869 558 946 venerit,
593 868 669 949 quid
700 869 738 931 ad
775 871 834 934 hoc
868 870 1110 952 respondebis.it
1158 873 1197 934 m
1226 873 1289 935 ille:
1331 875 1496 953 „Domine

434 957 623 1020 securitatem
647 958 701 1021 tibi
725 959 841 1036 faciam,
874 960 970 1040 quod,
1000 961 1025 1023 si
1057 978 1121 1024 non
1152 962 1273 1039 venerit,
1304 981 1362 1042 pro
1391 981 1498 1027 amore

435 1045 532 1126 ipsius
562 1051 691 1110 mortem
723 1047 911 1112 sustinebo!
959 1049 1009 1111 Ait
1039 1048 1143 1112 iudex:
1181 1051 1244 1114 „Ex
1274 1069 1338 1131 quo
1375 1051 1414 1114 ita
1443 1058 1496 1130 est,

373 1139 517 1198 uuluam
557 1136 738 1216 peticionem
774 1137 940 1201 concedo!¹
997 1138 1100 1202 Statim
1135 1157 1206 1201 eum
1239 1139 1435 1202 incarcerauit
1468 1147 1498 1204 et

433 1223 527 1286 alium
551 1225 634 1288 abire
658 1226 802 1305 permisit.
850 1225 902 1289 llle
924 1245 997 1290 vero
1026 1226 1114 1289 rediit
1144 1228 1175 1289 in
1203 1227 1332 1290 domum
1355 1247 1443 1292 suam
1467 1234 1498 1293 et

433 1331 504 1376 cum
528 1333 622 1378 uxore
644 1333 679 1377 ac
710 1315 804 1395 prole,
834 1315 949 1378 familia
970 1335 1005 1378 ac
1035 1316 1182 1379 omnibus
1212 1316 1304 1379 bonis
1332 1318 1396 1380 suis
1426 1318 1497 1382 fecit

433 1406 652 1466 testamentum.
699 1403 781 1468 Cum
804 1408 905 1468 autern
936 1404 1021 1467 domi
1048 1405 1162 1482 fuisset,
1192 1405 1307 1468 tamdiu
1337 1424 1406 1469 cum
1431 1409 1496 1471 suis

434 1493 624 1573 exspectauit,
656 1511 821 1574 quousque
850 1493 987 1557 affuisset
1009 1493 1074 1556 dies
1103 1493 1216 1571 iudicii,
1247 1495 1278 1556 in
1301 1513 1363 1575 qua
1385 1513 1496 1560 omnes

372 1598 426 1644 noo
435 1581 641 1646 malefactores
664 1581 757 1646 iudici
780 1582 927 1646 deberent
950 1584 1122 1663 presentari.
1158 1584 1237 1645 lnter
1258 1584 1334 1647 alios
1356 1583 1415 1661 ille,
1439 1586 1494 1665 qui

434 1689 467 1734 se
489 1675 598 1751 sponte
622 1671 731 1752 optulit
754 1689 810 1752 pro
833 1672 933 1735 amico
955 1689 1022 1753 suo,
1052 1676 1097 1734 est
1119 1676 1314 1752 presentatus.
1361 1673 1443 1736 Dicit
1465 1675 1494 1736 ei

434 1759 538 1824 iudex:
566 1761 646 1828 „Dic
669 1760 772 1838 modo,
796 1761 847 1824 vbi
871 1765 917 1824 est
937 1761 1055 1824 amicus
1076 1764 1154 1837 tuus,
1178 1761 1232 1841 qui
1253 1761 1377 1824 deberet
1399 1762 1494 1835 bodie

435 1849 534 1913 redire
562 1855 591 1914 et
623 1855 651 1913 te
680 1850 838 1913 saluareit
886 1850 937 1912 Ait
959 1849 1022 1912 ille:
1055 1849 1219 1926 „Domine
1250 1867 1350 1930 spero,
1380 1855 1414 1912 ut
1445 1870 1495 1914 me

435 1957 498 2002 non
522 1939 667 2003 deserete
717 1939 809 2001 ludex
836 1957 911 2002 vero
934 1938 987 2001 diu
1010 1938 1201 2018 exspectauit,
1231 1942 1262 2000 vt
1283 1939 1406 2016 veniret,
1439 1941 1495 2003 sed

372 2042 425 2088 naa
435 2045 498 2092 non
526 2028 616 2093 venit.
662 2027 766 2092 Statim
797 2027 882 2091 dedit
911 2045 969 2108 pro
998 2027 1158 2103 sentencia,
1189 2031 1222 2089 ut
1251 2026 1289 2089 ad
1321 2027 1492 2107 patibulum

434 2116 604 2180 duceretur.
654 2118 689 2180 ΕΙ
718 2117 762 2180 sic
795 2117 907 2180 factum
938 2120 990 2180 est.
1036 2115 1117 2180 Cum
1149 2134 1222 2179 vero
1252 2115 1290 2178 ad
1322 2117 1493 2196 patibulum

432 2205 571 2282 venisset,
595 2205 670 2268 dixit
692 2206 719 2268 ei
744 2205 847 2269 iudex:
881 2206 985 2282 „Ecce
1016 2205 1180 2282 karissime,
1212 2205 1332 2284 inputes
1354 2205 1408 2268 tibi
1432 2206 1492 2286 ipsi

432 2298 461 2356 et
484 2311 546 2357 non
571 2294 672 2372 michi,
701 2293 785 2374 quod
812 2295 965 2358 morieris!
1014 2294 1122 2356 Dixisti
1146 2294 1237 2371 enim,
1264 2293 1350 2373 quod
1372 2294 1492 2358 amicus

431 2386 502 2445 tuus
523 2383 640 2446 veniret
662 2382 700 2444 ad
725 2383 918 2446 liberandum
942 2388 998 2446 test
1048 2382 1230 2463 Respondit:
1263 2383 1427 2460 „Domine
1455 2402 1493 2446 ex

369 2486 423 2531 mo
431 2489 496 2550 quo
519 2471 598 2534 mori
622 2469 731 2548 debeo,
755 2471 901 2534 instanter
923 2477 1002 2552 peto,
1026 2476 1059 2534 ut
1080 2477 1149 2534 ante
1172 2475 1300 2534 mortem
1317 2489 1374 2551 pro
1388 2473 1492 2534 anima

432 2578 499 2624 mea
522 2559 608 2622 liceat
637 2560 729 2623 michi
758 2559 907 2640 pulsarem
957 2559 1125 2643 Respondit
1148 2560 1251 2623 iudex:
1285 2560 1490 2624 „Cuiusmodi

431 2648 567 2730 pulsacio
591 2653 635 2712 est
658 2648 750 2711 illa?‘¹
800 2648 864 2723 Qui
887 2649 941 2712 ait:
972 2650 1069 2714 „Ante
1093 2655 1222 2712 mortem
1245 2649 1324 2712 trina
1345 2648 1409 2712 vioe
1431 2650 1492 2712 alte

431 2738 590 2802 clamare.u
639 2736 699 2802 Cui
723 2737 830 2801 iudex:
862 2738 1025 2803 „libenter
1050 2739 1104 2801 tibi
1128 2737 1292 2801 concedot
1342 2737 1393 2800 llle
1414 2756 1491 2802 vero

432 2827 544 2909 incepit
565 2826 623 2890 alta
646 2845 723 2890 uoce
746 2827 883 2890 clamare.
931 2827 1052 2890 Deinde
1080 2826 1173 2890 altera
1201 2827 1267 2889 vice
1294 2826 1435 2890 clamauit
1463 2832 1493 2889 et

369 2931 423 2978 ruo
433 2916 563 2999 respexit
585 2917 824 2998 circumquaque
847 2921 877 2979 et
899 2917 1053 2979 neminem
1077 2916 1160 2978 vidit
1200 2914 1322 2978 Deinde
1346 2916 1402 2977 ΙΙΙ’ι
1423 2915 1491 2978 vice

432 3006 581 3070 clamauit.
617 3005 700 3070 Vidit
721 3025 739 3068 a
762 3007 854 3086 longe
878 3006 1036 3069 hominem
1059 3005 1130 3084 agili
1154 3023 1244 3068 cursu
1267 3004 1437 3066 venientem
1462 3009 1492 3067 et

430 3096 472 3159 ait
494 3095 599 3159 iudici:
633 3095 684 3161 „O
712 3095 846 3173 domine,
877 3095 979 3158 adhuc
1008 3094 1133 3157 differas
1164 3093 1223 3173 (Bl.
1248 3093 1330 3173 9tr.)
1361 3097 1490 3156 mortem

432 3187 545 3248 meam!
600 3186 674 3248 Ecce
708 3184 799 3248 video
830 3183 988 3247 hominem
1019 3183 1204 3259 venientem
1243 3182 1320 3245 forte
1351 3182 1416 3262 ipse
1447 3187 1493 3245 est

430 3273 533 3337 socius
561 3291 655 3351 meus,
691 3273 744 3353 qui
773 3292 823 3337 me
857 3273 1039 3336 liberaturus
1069 3276 1142 3334 est.t
1192 3270 1284 3334 ludex
1315 3287 1388 3333 vero
1420 3288 1491 3333 curn

369 3363 533 3442 metipsum
557 3363 728 3424 venientem
752 3362 883 3438 vidisset,
916 3361 1106 3442 exspectauit
1136 3365 1165 3423 et
1194 3378 1262 3423 ecce
1291 3359 1393 3422 socius
1425 3359 1493 3422 eius

431 3451 513 3512 venit
543 3455 572 3513 et
598 3451 650 3512 ait:
689 3450 739 3515 „0
769 3450 904 3528 domine,
939 3469 998 3530 ego
1029 3469 1098 3514 sum
1130 3450 1188 3528 ille,
1223 3449 1276 3528 qui
1307 3465 1433 3511 uxorem
1463 3453 1494 3511 et

431 3539 549 3618 prolem
579 3539 707 3616 visitaui,
739 3542 768 3600 et
795 3539 850 3602 iste
880 3544 925 3602 est
951 3539 1067 3602 amicus
1098 3556 1193 3613 meus,
1223 3537 1276 3619 qui
1307 3554 1364 3617 pro
1387 3555 1436 3599 me
1459 3537 1490 3599 in

430 3626 567 3706 periculo
591 3627 698 3689 mortis
721 3626 807 3691 stetit.
856 3628 932 3690 Ecce
963 3633 1084 3707 paratus
1110 3645 1179 3691 surn
1204 3627 1289 3689 illum
1313 3625 1440 3689 liberare
1462 3631 1493 3688 et

431 3717 559 3776 mortem
584 3732 641 3794 pro
664 3714 781 3777 delictis
809 3716 885 3778 meis
908 3716 1088 3779 sustineret
1137 3716 1230 3778 ludex
1260 3732 1330 3777 eum
1362 3714 1492 3794 respexit

368 3806 459 3866 nsuet
481 3801 532 3864 ait:
571 3801 621 3867 »Ο
654 3802 817 3879 karissime,
850 3821 929 3882 rogo
959 3808 995 3881 te,
1030 3803 1081 3866 dic
1110 3805 1202 3868 michi
1232 3821 1362 3879 causam,
1396 3821 1491 3882 quare

430 3890 562 3952 inuicem
594 3889 665 3953 estis
695 3890 735 3952 ita
764 3890 907 3954 fidelesD
954 3891 995 3953 ΑΙ
1017 3891 1082 3954 ille:
1117 3893 1280 3970 „Domine
1309 3910 1328 3953 a
1357 3891 1491 3972 puericia

429 3979 558 4059 quilibet
579 3979 662 4041 alteri
686 3978 781 4041 fidem
805 3978 897 4057 dedit,
928 3982 960 4040 vt
982 3979 1013 4041 in
1042 3981 1189 4044 omnibus
1219 3980 1366 4061 operibus
1392 3998 1490 4060 vsque

429 4068 467 4131 ad
491 4073 620 4131 mortem
652 4067 758 4130 fideles
781 4085 927 4130 essemus.
974 4067 1010 4128 ΕΙ
1032 4068 1088 4128 hec
1111 4073 1157 4131 est
1178 4087 1275 4146 causa,
1307 4087 1401 4148 quare
1424 4069 1489 4149 ipse

428 4174 461 4218 se
492 4157 592 4236 ipsum
624 4155 655 4216 in
691 4156 793 4217 locum
824 4154 969 4234 posuerit,
1004 4171 1168 4234 quousque
1191 4175 1250 4234 ego
1277 4160 1487 4220 testamentum
