3584 4884
855 461 1097 514 -122—

445 627 546 691 claues
569 627 653 690 dedit
675 633 703 691 et
725 629 778 691 ait:
805 629 914 707 ‚‚l³uer,
939 630 1041 692 oleum
1063 649 1167 693 meum
1192 631 1245 693 tibi
1269 632 1429 695 comrnitto
1452 633 1513 695 sub

445 721 497 778 tua
518 716 665 780 custodia.
673 732 686 760 ¹⁴
730 717 811 780 Puer
825 737 900 781 vero
915 719 1046 799 simplex
1067 723 1178 799 putans
1194 737 1304 782 omnes
1320 739 1386 783 esse
1403 721 1514 800 plenos

446 805 476 866 in
501 805 639 868 custodia
662 807 781 886 recepit.
814 807 888 870 Post
912 807 1041 886 longum
1064 812 1186 888 tempus
1209 809 1343 888 contigit,
1368 809 1455 889 quod
1479 810 1513 871 in

390 911 431 956 aro
446 897 523 956 terra
547 895 597 957 illa
620 895 723 957 oleum
748 913 851 958 carum
881 897 992 958 factum
1017 896 1083 959 fuit.
1132 897 1230 960 Diues
1257 897 1317 960 hoc
1339 898 1449 961 videns
1472 898 1515 960 ait

445 1000 555 1062 puero:
583 984 715 1062 „Amice
739 984 818 1061 veni,
842 985 956 1048 adiuua
971 1004 1021 1047 me
1037 985 1140 1049 oleum
1157 985 1294 1049 effodere
1313 991 1341 1049 et
1356 987 1512 1067 premium

444 1090 462 1133 a
485 1089 534 1134 me
556 1072 686 1153 accipias
717 1091 774 1153 pro
807 1077 858 1136 tua
888 1074 1062 1137 custodia!¹⁴
1112 1075 1193 1137 Puer
1215 1075 1364 1138 concessit
1387 1080 1417 1137 et
1438 1095 1512 1138 eum

445 1160 530 1223 iuuit
580 1161 677 1224 Diues
699 1180 773 1225 vero
797 1163 907 1242 plenus
931 1163 1049 1226 malicia
1071 1163 1199 1226 adduxit
1220 1182 1325 1227 secum
1350 1164 1427 1241 illos,
1457 1165 1512 1244 qui

445 1249 547 1312 oleum
580 1268 681 1312 emere
710 1250 865 1314 deberent.
912 1252 1037 1314 Terram
1065 1257 1273 1332 apperueruut
1300 1258 1329 1315 et
1352 1254 1379 1316 V
1402 1254 1513 1333 plenos

390 1355 431 1400 arn
446 1342 475 1400 et
490 1339 516 1401 V
532 1338 680 1402 dimidios
696 1339 887 1403 inuenerunt.
912 1339 1016 1404 Statim
1036 1340 1125 1403 diues
1140 1359 1272 1421 puerum
1287 1350 1376 1405 vocat
1391 1341 1512 1405 dicens:

448 1427 580 1504 »Amice
612 1445 702 1491 causa
724 1429 863 1492 custodie
892 1433 943 1492 tue
967 1430 1070 1492 oleum
1094 1430 1193 1493 amisi.
1240 1431 1320 1492 Nam
1344 1431 1431 1510 quod
1456 1432 1511 1493 tibi

444 1517 593 1593 commisi,
617 1517 725 1580 fraude
748 1517 906 1581 abstulisti.
945 1517 1006 1581 Sed
1030 1519 1090 1581 cito
1114 1519 1209 1582 redde
1232 1519 1334 1596 michi,
1359 1537 1420 1598 que
1443 1539 1513 1582 mea

444 1604 602 1668 fuerunttt
648 1606 718 1669 iliis
741 1606 828 1669 dictis
852 1625 983 1686 puerum
1006 1608 1121 1687 accepit
1143 1607 1234 1670 etad
1257 1607 1390 1671 iudicem
1414 1608 1511 1671 duxit

444 1693 504 1757 Sed
529 1713 606 1774 puer
621 1694 810 1775 respondere
834 1695 970 1772 nesciuit
994 1695 1048 1758 sed
1065 1696 1205 1759 inducias
1221 1697 1312 1759 vnius
1328 1697 1389 1759 diei
1406 1698 1510 1777 peciit;

389 1800 431 1846 asu
446 1783 532 1863 quod
556 1783 582 1846 ei
607 1790 651 1846 est
673 1801 863 1848 concessum.
912 1786 945 1846 ln
969 1785 1088 1848 ciuitate
1111 1785 1161 1848 illa
1184 1786 1361 1848 morabatur
1382 1786 1511 1865 quidam

445 1872 667 1954 phylosophus,
692 1873 745 1953 qui
770 1873 987 1936 nominabatur
1001 1873 1149 1936 auxilium
1165 1874 1319 1953 gencium.
1357 1875 1439 1937 Puer
1454 1875 1512 1939 hec

443 1961 572 2024 audiens
595 1961 634 2025 ad
663 1980 733 2025 eum
763 1963 894 2043 perrexit
916 1981 1049 2042 querens
1072 1963 1244 2027 consilium.
1291 1963 1512 2044 Phylosophus

443 2056 543 2113 autem
568 2069 637 2114 cum
662 2055 758 2114 toturn
784 2069 962 2131 processum
991 2052 1078 2132 pueri
1101 2051 1244 2129 audisset,
1275 2052 1383 2132 pietate
1407 2058 1511 2116 motus

443 2139 498 2200 ait:
526 2139 699 2204 „Mediante
722 2140 829 2202 diuina
851 2141 953 2220 gracia
974 2145 1003 2202 te
1027 2141 1170 2203 iuuab0.¹¹
1205 2141 1298 2204 Mane
1312 2145 1413 2203 autem
1430 2142 1511 2205 facto

389 2245 430 2292 225
446 2227 660 2308 phylosophus
690 2229 773 2290 venit
803 2248 873 2291 cum
906 2247 1004 2309 puero
1035 2229 1074 2291 ad
1106 2229 1265 2309 palacium.
1313 2229 1407 2292 ludex
1437 2249 1509 2293 cum

295 2319 298 2326 '
444 2316 569 2378 vidisset
591 2317 758 2397 sapientem
783 2318 1023 2398 phylosophum,
1054 2337 1125 2380 eum
1150 2318 1231 2380 iuxta
1254 2337 1287 2381 se
1310 2318 1417 2382 sedere
1439 2319 1511 2382 fecit

443 2409 472 2466 et
500 2405 621 2467 vocauit
651 2411 825 2468 accusantes
855 2411 884 2469 et
912 2411 1085 2470 accusatum
1117 2410 1147 2470 et
1176 2407 1322 2488 precepit,
1354 2411 1387 2470 vt
1416 2409 1511 2471 verba

443 2493 608 2572 recita-(Bi.
635 2495 836 2572 25v.)rentur.
885 2497 921 2557 Et
943 2496 987 2558 sic
1008 2495 1120 2558 factum
1144 2501 1196 2559 est.
1242 2497 1331 2559 Tunc
1353 2497 1394 2558 ait
1416 2496 1510 2560 iudex

444 2582 653 2663 phylosopho:
687 2583 793 2647 „Bone
817 2585 968 2662 magister,
999 2585 1067 2647 date
1095 2584 1279 2647 iudicium!t
1326 2585 1377 2647 Ait
1399 2586 1510 2666 phylo-

389 2689 429 2735 220
445 2672 575 2751 sophus:
604 2671 749 2752 „Precipe
773 2672 887 2734 clarum
913 2673 1016 2736 oleum
1041 2673 1080 2736 de
1104 2674 1242 2754 quinque
1265 2674 1365 2754 plenis
1387 2675 1510 2738 tonellis

443 2761 621 2838 mensurari,
653 2766 684 2822 vt
707 2761 791 2838 scias,
824 2766 973 2842 quantum
998 2763 1040 2825 ibi
1064 2763 1103 2824 sit
1125 2763 1196 2825 clari
1221 2763 1288 2840 olei,
1321 2767 1350 2825 et
1371 2763 1511 2846 similiter

443 2849 483 2912 de
506 2849 644 2929 quinque
671 2849 817 2927 dimidiis,
847 2855 879 2912 vt
901 2851 985 2928 scias,
1017 2855 1166 2930 quantum
1195 2851 1226 2913 in
1250 2852 1386 2931 utrisque
1409 2852 1509 2915 fuerit

445 2940 480 3001 Et
502 2940 527 3002 si
550 2943 666 3001 tautum
690 2939 780 3019 spissi
805 2940 864 3002 olei
889 2940 921 3002 in
945 2939 1084 3002 dimidiis
1107 2941 1271 3017 inueneris,
1302 2945 1451 3020 quantum
1476 2941 1508 3003 in

444 3029 550 3108 plenis,
585 3028 662 3091 scias
692 3029 795 3091 oleum
824 3029 919 3091 fuisse
949 3029 1092 3092 furatum.
1139 3029 1171 3092 Si
1203 3047 1277 3092 vero
1309 3029 1340 3091 in
1372 3029 1510 3093 dimidiis

388 3135 429 3181 ass
445 3122 560 3180 tantum
589 3117 796 3197 spissitudinis
826 3118 989 3194 inueneris,
1020 3122 1168 3196 quantum
1192 3117 1308 3180 clarum
1337 3118 1441 3180 oleum
1465 3119 1509 3181 ibi

442 3207 573 3269 existens
596 3207 696 3286 exigit,
726 3206 812 3286 quod
842 3225 907 3269 non
931 3207 1045 3286 poteris
1068 3207 1099 3268 in
1123 3206 1222 3287 plenis
1244 3206 1392 3284 inuenire,
1423 3208 1508 3285 scias,

442 3296 546 3374 vtique
578 3295 682 3357 oleum
717 3313 781 3358 non
812 3295 909 3358 fuisse
940 3296 1102 3357 furatum
1164 3295 1258 3357 ludex
1290 3296 1347 3358 hec
1379 3296 1510 3358 audiens

443 3384 638 3446 confirmauit
660 3383 818 3446 iudicium.
859 3385 1046 3464 Factumque
1069 3389 1114 3447 est
1137 3384 1176 3446 ita
1199 3403 1254 3465 per
1277 3384 1390 3462 omnia,
1413 3389 1443 3448 et
1465 3385 1510 3448 sic

444 3489 520 3551 puer
543 3476 587 3534 est
609 3472 750 3548 saluatus,
774 3478 803 3535 et
825 3474 959 3553 cupidus
981 3473 1173 3554 dampnatus.

800 3666 876 3747 Cap.
905 3669 942 3730 75
970 3667 1029 3747 (Βὶ.
1054 3667 1153 3747 282).

799 3785 842 3842 De
860 3785 967 3843 ciconia
985 3785 1144 3842 adulterata.

387 3933 428 3979 aon
534 3915 602 3978 Erat
625 3913 751 3994 quidam
768 3915 941 3994 imperator,
965 3915 1018 3994 qui
1035 3915 1166 3978 habebat
1180 3920 1249 3978 ante
1265 3920 1384 3996 portam
1401 3917 1509 3997 palacii

442 4003 558 4067 fontem
583 4004 710 4080 clarum;
742 4008 771 4067 et
794 4004 875 4066 iuxta
906 4003 1023 4067 fontem
1055 4004 1116 4066 due
1144 4005 1270 4084 cyconie
1300 4005 1509 4084 nidificabant,

442 4094 485 4157 sic
507 4094 593 4173 quod
617 4093 738 4156 femella
761 4093 863 4173 pullos
880 4092 1033 4172 produxit,
1057 4093 1210 4155 masculus
1226 4093 1279 4155 illo
1299 4097 1438 4173 tempore
1454 4113 1510 4174 per

442 4201 568 4263 campos
599 4182 721 4245 volabat
752 4182 855 4244 cibum
888 4198 946 4259 pro
980 4181 1102 4242 femella
1132 4186 1162 4242 et
1192 4181 1285 4260 pullis
1319 4181 1507 4261 colligendo.
