3584 4884
704 416 945 477 -155—

288 591 407 653 mittam
419 595 448 653 te
460 592 573 655 abire.'¹
586 590 647 654 Cui
655 592 842 672 phylomena
848 592 903 654 ait:
919 592 1117 672 „Numquam
1126 591 1357 672 apprehendere

236 699 263 742 so
288 680 412 741 coneris
427 698 488 758 que
499 679 731 760 apprehendere
742 698 806 743 non
819 681 920 760 possis
931 685 961 743 et
972 699 1131 760 nunquam
1144 680 1184 743 de
1196 699 1228 742 re
1241 680 1358 761 perdita

288 767 404 845 doleas,
428 787 522 847 quam
539 787 717 849 recuperare
739 787 882 848 nequeas,
906 775 935 833 et
952 770 1049 833 verbo
1073 769 1243 833 incredibili
1268 787 1357 831 num-

289 875 383 935 quam
408 856 503 919 lidem
526 857 700 920 adhibeast
731 858 800 921 niis
821 858 941 936 auditis,
972 876 1039 921 eam
1061 858 1183 923 avolare
1212 857 1357 939 permisit

288 946 378 1007 Tunc
386 945 576 1026 phylomena
586 946 694 1009 volens
701 964 772 1009 eum
782 948 914 1028 probare
925 947 977 1010 ait:
997 947 1047 1013 ,Ο
1061 947 1161 1025 miser,
1173 946 1249 1027 quid
1262 946 1356 1009 iecisti

288 1034 363 1114 quia
386 1053 437 1096 me
459 1034 611 1097 dimittere
637 1036 768 1113 voluisti,
797 1035 898 1099 habeo
922 1036 953 1099 in
981 1036 1150 1099 visceribus
1177 1034 1254 1098 meis
1278 1053 1355 1097 mar-

236 1142 263 1187 an
288 1124 417 1203 garitam
446 1142 508 1203 que
538 1124 589 1186 ovi
618 1124 792 1187 structionis
820 1124 938 1188 excedit
967 1123 1238 1203 magnitudinem.¹¹
1288 1124 1358 1186 l‘loc

287 1212 421 1274 audiens
435 1213 627 1275 contristatus
642 1217 687 1275 est
700 1212 790 1275 valde
804 1218 835 1275 et
848 1232 916 1275 eam
932 1212 1163 1293 apprehendere
1179 1212 1353 1275 conabatur.

288 1301 328 1363 At
344 1301 411 1363 illa:
438 1302 550 1365 „Nunc
572 1302 705 1381 cognovi
728 1301 893 1364 fatuitatem
910 1306 992 1363 tuam
1010 1320 1046 1363 ex
1065 1302 1151 1382 quod
1168 1306 1197 1363 et
1219 1300 1359 1364 doctrina

288 1408 357 1451 mea
381 1390 475 1453 nichil
500 1390 669 1469 proiecisti;
693 1390 813 1453 conaris
828 1408 878 1451 me
893 1390 1156 1470 comprehendere
1171 1408 1242 1453 cum
1259 1389 1357 1451 itineri

288 1497 360 1541 meo
377 1497 442 1541 non
460 1479 561 1558 possis
576 1497 710 1559 pergere,
726 1478 815 1541 doles
830 1478 869 1541 de
889 1497 921 1541 re
938 1478 1054 1559 perdita
1069 1497 1162 1558 quam
1179 1496 1358 1559 recuperare

236 1586 263 1629 m
289 1586 354 1629 non
371 1572 469 1646 potes.
500 1567 610 1630 Credis
625 1568 657 1629 in
672 1567 842 1630 visceribus
860 1568 938 1631 meis
953 1586 1020 1631 esse
1036 1568 1228 1647 margaritam
1245 1567 1358 1629 ventris

288 1656 350 1718 mei
374 1656 572 1719 excedentem
597 1674 780 1733 mensuram,
804 1675 874 1719 cum
890 1674 951 1736 ego
966 1661 1028 1719 tota
1050 1657 1088 1719 ad
1113 1674 1288 1719 mensuram
1306 1655 1356 1719 ovi

288 1745 466 1808 structionis
500 1745 671 1825 pertingere
701 1763 765 1807 non
797 1746 943 1825 possim.u
993 1745 1043 1809 Sic
1072 1745 1145 1807 fatui
1180 1749 1208 1807 et
1240 1744 1357 1824 decepti

288 1834 422 1897 scolares
460 1834 647 1913 quibusdam
681 1834 817 1897 fantasiis
854 1839 884 1897 et
914 1834 1147 1897 incredibilibus
1177 1833 1272 1896 iidem
1304 1832 1357 1894 ad·

288 1923 397 1985 hibent
419 1941 489 2002 que,
512 1928 657 2002 tanquam
673 1923 785 1986 frivola
804 1923 946 1985 irrisione
968 1922 1070 2002 digna,
1094 1923 1192 1985 statim
1214 1940 1358 2003 respuere

146 2003 151 2086 l
238 2029 264 2074 as
288 2011 478 2075 debuissent.

677 2146 705 2199 4.
742 2136 880 2216 1=n0.
907 2135 970 2215 aa]

377 2276 492 2339 Audivi
516 2276 556 2339 de
571 2277 708 2356 quodam
731 2276 834 2356 judice
850 2276 959 2356 iniquo
979 2280 1008 2338 et
1022 2276 1130 2353 venali,
1155 2294 1225 2339 cum
1242 2294 1359 2356 pauper

289 2366 471 2428 muliercula
499 2366 662 2444 jussuum
695 2366 735 2429 ab
767 2366 836 2446 ipso
867 2366 1007 2446 optinere
1038 2382 1101 2429 non
1132 2364 1252 2441 valeret,
1283 2364 1359 2426 dixit

289 2454 416 2533 quidam
434 2455 569 2522 mulieri:
595 2454 711 2534 „ludex
735 2455 790 2517 iste
812 2455 880 2517 talis
903 2458 948 2517 est
970 2454 1066 2534 quod,
1090 2453 1148 2516 nisi
1166 2470 1275 2515 manus
1291 2453 1357 2532 ejus

289 2547 476 2622 unguantur,
506 2561 667 2623 nunquam
698 2543 738 2605 ab
768 2543 837 2623 ipso
866 2543 986 2622 justicia
1014 2543 1196 2623 optineturss
1245 2542 1358 2604 lllulier

146 2689 147 2714 ,
241 2649 265 2693 nr
289 2637 390 2694 autem
414 2632 600 2711 simpliciter,
623 2632 706 2694 etad
722 2632 850 2694 litteram
867 2631 953 2711 quod
973 2632 1023 2694 ille
1039 2632 1155 2694 dixerat
1177 2631 1357 2711 intelligens,

290 2739 360 2783 cum
384 2721 535 2800 sagimine
562 2739 617 2783 seu
647 2724 740 2783 uncto
770 2721 899 2800 porcino
929 2721 968 2783 ad
999 2721 1215 2783 consistorium
1247 2720 1358 2798 iudicis

289 2808 446 2887 accedens,
484 2810 602 2872 cunctis
635 2809 820 2887 videntibus,
859 2827 986 2872 manum
1023 2810 1089 2889 ejus
1123 2826 1239 2889 ungere
1271 2808 1357 2888 cepit.

290 2897 373 2961 Cum
387 2902 489 2960 autem
506 2903 646 2977 quereret
659 2898 766 2977 judex:
785 2936 799 2963 l
806 2897 926 2975 Mulier,
942 2898 1018 2977 quid
1035 2897 1148 2961 lacis?u
1177 2896 1357 2977 Respondit:

292 2987 459 3065 „Domine
476 2987 591 3049 dictum
608 2992 653 3051 est
668 2987 743 3049 mihi
760 2987 841 3067 quia,
858 2986 916 3050 nisi
937 3005 1047 3050 manus
1062 2990 1176 3049 vestras
1192 2986 1357 3062 unxissem,

240 3092 265 3137 n
289 3076 440 3155 justiciam
464 3094 482 3137 a
504 3076 595 3139 vobis
617 3076 766 3155 consequi
789 3094 853 3139 non
875 3090 1027 3156 possem.u
1076 3075 1115 3137 e'lt
1137 3074 1187 3137 ille
1211 3074 1359 3137 contusus

289 3164 414 3227 embuit
435 3183 474 3228 eo
497 3164 584 3245 quod
606 3165 645 3227 ab
670 3164 817 3228 omnibus
839 3169 994 3227 notaretur
1017 3168 1046 3227 et
1069 3163 1251 3225 irrideretur.
1295 3163 1359 3226 Vos

289 3258 400 3331 autem,
424 3253 531 3317 iratres
554 3254 712 3331 karissimi,
736 3253 847 3315 sivein
866 3252 1033 3331 judicando
1049 3253 1113 3315 sive
1130 3253 1161 3314 in
1176 3251 1358 3315 advocando

289 3342 387 3403 taliter
409 3360 468 3405 vos
491 3342 626 3405 habeatis
649 3342 734 3422 quod
759 3342 799 3404 de
821 3342 934 3404 talento
950 3342 1040 3405 vobis
1062 3341 1230 3404 commisso
1253 3359 1359 3403 secure

290 3431 440 3493 rationem
472 3430 601 3493 reddere
634 3431 757 3493 valeatis
790 3448 894 3494 coram
929 3448 1054 3493 summo
1084 3430 1186 3509 judice
1219 3429 1358 3492 Domino

238 3537 264 3581 ao
291 3524 430 3583 nostro.
456 3566 526 3582 ...

679 3645 707 3707 5.
744 3642 797 3722 [=
821 3644 881 3705 No.
907 3641 969 3720 42.]

389 3785 534 3865 Legimus
576 3784 615 3847 de
657 3784 794 3864 quodam
836 3802 909 3862 rege
952 3782 1087 3863 sapiente
1129 3782 1183 3862 qui
1221 3801 1358 3863 semper,

290 3873 419 3956 quando
435 3875 550 3937 curiam
566 3874 694 3950 tenebat,
716 3873 783 3935 aliis
803 3871 1009 3951 gaudentibus
1037 3870 1101 3950 ipse
1124 3888 1246 3951 semper
1268 3871 1360 3935 tristis

290 3963 468 4045 apparebat
507 3980 614 4025 verum
653 3966 682 4024 et
715 3961 825 4023 milites
863 3960 929 4039 ejus
967 3960 1207 4037 murmurabant,
1245 3958 1299 4021 sed
1331 3960 1358 4022 ei

290 4053 393 4115 dicere
429 4070 494 4114 non
528 4050 690 4113 audebant.
742 4048 880 4111 Tandem
920 4048 1045 4128 quidam
1082 4048 1173 4109 irater
1208 4047 1286 4125 ejus,
1321 4066 1358 4109 ex

236 4157 264 4203 an
290 4141 406 4203 fiducia
440 4158 552 4219 magna
585 4156 678 4217 quam
709 4137 839 4199 habebat
872 4136 912 4198 ad
947 4154 1059 4215 regem,
1090 4135 1221 4214 quesivit
1250 4134 1289 4195 ab
1321 4155 1358 4199 eo
