3584 4884
708 438 951 498 -145—

292 627 425 690 corpore
450 613 534 674 meo!
583 613 619 674 Et
641 611 667 674 si
691 612 752 674 lroc
773 611 884 689 iecerit,
908 631 986 675 vxor
1009 631 1077 675 mea
1099 613 1183 674 erite
1228 611 1363 675 Perrexit

293 699 429 762 nuncius
451 699 490 761 ad
514 699 666 779 virginem
690 705 719 763 et
742 719 808 763 eam
832 719 870 762 ex
901 706 985 781 parte
1008 701 1200 781 imperatoris
1222 701 1364 764 salutauit

293 787 464 867 dicensque
479 789 521 850 ei:
549 790 646 853 „Ecce
669 807 790 868 pannus
806 789 907 853 lineus
927 790 1045 853 habens
1066 794 1183 852 tantum
1207 790 1239 851 in
1262 789 1362 869 longi-

229 876 403 939 nrstudine
427 881 456 939 et
478 877 636 940 latitudine
661 879 697 939 lll
723 878 863 957 pollices!
909 877 942 942 Si
965 879 1120 942 camisiam
1143 878 1215 941 satis
1237 878 1362 958 longam

294 964 335 1028 de
360 965 418 1028 isto
443 984 548 1045 panno
572 984 630 1046 pro
645 983 776 1046 corpore
791 967 858 1029 eius
874 973 962 1047 potes
976 967 1106 1047 operari,
1127 971 1157 1029 te
1179 967 1211 1029 in
1236 984 1362 1029 vxorem

295 1054 389 1116 ducet
412 1072 483 1117 curn
507 1073 622 1134 magno
645 1055 789 1135 gaudiot
829 1055 869 1118 At
884 1056 948 1119 illa:
975 1055 1167 1129 „Quomodo
1189 1055 1243 1118 liet
1265 1055 1363 1118 illud?

296 1143 342 1204 Ex
366 1160 432 1223 quo
456 1159 519 1204 non
543 1147 616 1206 sunt
638 1143 750 1224 plures,
773 1148 890 1206 tantum
915 1145 974 1207 nisi
998 1145 1035 1206 lll
1060 1144 1186 1225 pollices
1208 1145 1240 1206 in
1264 1144 1363 1223 longi-

295 1231 405 1294 tudine
429 1235 458 1294 et
480 1231 646 1310 latitudine,
670 1233 824 1295 camisiam
841 1233 868 1296 ei
885 1233 983 1296 lacere
1005 1237 1084 1296 esset
1105 1233 1199 1296 michi
1222 1233 1364 1314 impossi-

232 1320 369 1384 nsobile.
424 1321 641 1384 Verumtamen
676 1321 823 1384 concedat
857 1322 950 1384 michi
981 1340 1049 1399 vas,
1084 1321 1115 1384 in
1146 1340 1211 1401 quo
1245 1322 1364 1402 operari

296 1409 424 1490 possim,
457 1414 487 1472 et
513 1410 668 1474 camisiam
699 1411 771 1473 satis
801 1411 927 1490 longam
955 1415 985 1474 et
1011 1412 1099 1473 latam
1130 1411 1158 1472 ei
1189 1411 1362 1490 promitto.t

296 1498 440 1560 Nuncius
464 1502 508 1561 est
531 1517 673 1562 reuersus
689 1501 901 1580 nuntiansque
918 1500 1092 1580 imperatori
1108 1500 1147 1561 de
1163 1500 1365 1579 responsione

295 1586 436 1666 virginis.
485 1587 589 1650 Statim
614 1587 779 1668 imperator
801 1606 855 1651 vas
877 1588 1016 1652 debitum
1040 1589 1067 1651 ei
1091 1588 1181 1651 misit
1216 1588 1269 1650 llla
1290 1606 1364 1651 vero

296 1675 337 1738 de
353 1680 415 1738 tam
433 1694 528 1756 parua
543 1677 708 1756 quantitate
727 1677 758 1740 in
775 1677 885 1740 eodem
902 1694 973 1739 vase
996 1681 1119 1756 operata
1134 1681 1179 1739 est
1200 1677 1364 1754 camisiam,

233 1781 360 1844 nanque
376 1768 440 1827 erat
462 1765 534 1828 satis
557 1765 651 1845 longa
672 1784 708 1829 ac
731 1765 787 1828 lata
804 1784 861 1846 pro
877 1784 1008 1845 corpore
1024 1765 1224 1845 imperatoris.
1259 1765 1364 1829 Statim

296 1871 364 1916 eam
389 1853 421 1916 in
445 1872 571 1916 vxorern
595 1853 682 1917 duxit
704 1872 775 1918 cum
800 1872 914 1933 magno
937 1853 1062 1933 gaudio.

647 2049 723 2129 cap.
750 2053 810 2112 169
839 2049 899 2128 (Bl.
924 2049 1018 2128 90r.).

299 2167 344 2224 De
361 2167 476 2225 duobus
494 2167 655 2238 latronibus,
683 2167 731 2240 qui
752 2167 905 2241 perfidem
924 2167 1008 2224 vitam
1026 2184 1105 2224 suain
1124 2173 1366 2226 conseruauerunt.

390 2297 460 2359 Erat
487 2296 614 2376 quidam
643 2297 815 2378 imperator,
847 2297 879 2358 in
908 2297 996 2360 cuius
1025 2296 1156 2376 imperio
1187 2302 1272 2360 erant
1300 2297 1365 2361 duo

298 2386 432 2448 latrones
447 2386 486 2448 ad
503 2386 635 2449 inuicem
652 2385 838 2450 confederati
858 2385 1031 2448 iuramento
1054 2404 1089 2448 ac
1110 2385 1182 2464 tide,
1206 2391 1240 2448 ut
1262 2387 1366 2450 nullus

296 2474 392 2536 aliurn
417 2473 571 2555 deciperet
598 2475 629 2536 in
654 2475 854 2538 neccessitate.
901 2475 998 2537 Multa
1021 2474 1100 2537 mala
1122 2474 1214 2537 simul
1237 2476 1366 2539 commi·

235 2584 289 2628 rrao
297 2567 412 2640 serunt,
445 2563 558 2626 scilicet
582 2563 642 2642 (BL
668 2564 752 2643 9ον.)
780 2564 867 2640 turta,
899 2563 1104 2642 spoliaciones
1132 2568 1162 2625 et
1191 2564 1365 2627 homicidia.

299 2652 425 2730 Accidit,
457 2651 544 2732 quod
575 2671 655 2716 vnus
685 2670 793 2716 eorum
821 2653 946 2714 absente
973 2652 1068 2714 altero
1098 2652 1129 2713 in
1153 2652 1236 2715 furto
1259 2658 1366 2733 captus

299 2741 408 2804 luisset
441 2745 471 2826 et
504 2741 536 2803 in
571 2759 689 2804 carcere
724 2741 840 2803 fortiter
872 2739 1052 2805 vinculatus.
1105 2740 1203 2814 Quod
1236 2742 1365 2805 audiens

298 2830 403 2906 socius
441 2830 515 2908 eius,
553 2830 666 2893 scilicet
702 2830 777 2892 alter
814 2830 904 2907 latro,
941 2830 1025 2892 venit
1060 2829 1099 2891 ad
1137 2848 1209 2891 eum
1247 2835 1276 2892 et
1312 2831 1365 2893 ait:

303 2919 498 2996 »Karissime
533 2919 584 2981 dic
613 2919 714 2997 michi,
746 2918 822 2999 quid
853 2937 910 2999 pro
938 2923 967 2980 te
996 2918 1125 2981 debeam
1156 2917 1263 2994 lacere,
1293 2920 1366 2998 quia

237 3028 291 3073 1135
300 3007 396 3070 ambo
427 3007 509 3088 ligati
537 3026 646 3071 sumus
669 3009 700 3070 in
724 3007 822 3070 fidetu
879 3007 1049 3087 Respondit
1071 3007 1157 3069 alter:
1191 3007 1250 3073 „Vt
1273 3007 1365 3070 michi

300 3095 428 3172 videtur,
459 3101 580 3176 oportet
610 3115 659 3158 me
689 3097 776 3173 mon',
808 3097 881 3176 quia
910 3099 1016 3176 captus
1046 3113 1115 3158 sum
1139 3095 1170 3157 in
1194 3094 1286 3158 furto.
1332 3095 1365 3160 Si

300 3188 417 3248 tantum
441 3185 534 3248 velles
557 3184 637 3247 istud
661 3185 767 3262 tacere,
795 3185 880 3264 quod
905 3184 1013 3248 dixero
1036 3184 1099 3263 tibi,
1122 3202 1244 3264 semper
1266 3202 1365 3248 essem

299 3273 354 3336 tibi
386 3274 541 3353 obligatus
570 3273 609 3336 ad
640 3272 848 3336 seruiendum.
895 3273 1006 3337 llabeo
1036 3291 1163 3335 vxorem
1194 3277 1224 3335 et
1252 3292 1366 3353 pueros

300 3380 371 3425 cum
387 3362 503 3426 familia
525 3367 554 3426 et
576 3361 615 3425 de
639 3362 698 3424 illis
721 3362 814 3425 nichil
838 3361 981 3425 ordinaui
1001 3380 1103 3442 neque
1117 3361 1158 3425 de
1173 3362 1265 3426 bonis
1280 3363 1365 3426 meis

237 3471 290 3516 nro
299 3449 332 3513 Si
364 3451 434 3514 loco
465 3452 525 3514 mei
560 3452 680 3514 interim
711 3455 883 3531 exspectare
913 3451 1006 3514 velles
1037 3451 1068 3513 in
1099 3469 1218 3514 carcere
1247 3455 1277 3514 et
1307 3452 1366 3516 hoc

300 3557 408 3619 posses
429 3559 448 3602 a
471 3540 572 3604 iudice
594 3540 740 3621 optinere,
771 3545 844 3603 tunc
867 3540 951 3616 irem,
981 3539 1085 3620 vtique
1107 3540 1237 3603 domum
1268 3545 1297 3603 et
1326 3541 1366 3604 de

300 3646 395 3692 vxore
417 3647 452 3692 ac
475 3629 589 3692 familia
611 3629 787 3692 ordinarem
817 3633 846 3691 el
875 3633 1014 3708 ternpore
1043 3628 1149 3691 debito
1177 3628 1308 3692 redirem
1337 3635 1367 3693 et

299 3721 329 3778 te
345 3717 535 3782 liberaremt
563 3717 733 3798 Respondit
747 3718 863 3781 socius:
890 3717 993 3782 „istud
1009 3716 1140 3780 fideliter
1155 3717 1362 3798 adimplebo⁴⁴

301 3803 437 3869 Perrexit
466 3805 505 3868 ad
540 3806 673 3870 iudicem
704 3811 732 3869 et
761 3807 814 3868 ait:
852 3806 1010 3870 „Domine
1040 3805 1096 3883 mi,
1130 3806 1248 3869 amicus
1278 3826 1366 3870 mens

237 3912 291 3958 nu
301 3899 407 3974 captus
430 3899 526 3958 estet
549 3895 762 3972 incarceratus;
795 3898 926 3957 mortem
949 3894 1089 3972 euadere,
1120 3898 1154 3956 ut
1175 3895 1278 3972 credo,
1302 3914 1365 3959 non

301 3987 409 4062 potest.
456 3982 488 4047 Si
512 3983 649 4063 placeret,
676 3987 791 4046 tantum
815 4001 908 4046 vnam
931 3983 1115 4063 peticionem
1138 3987 1207 4045 ate
1231 3989 1310 4063 peto,
1333 3989 1368 4046 ut

300 4071 328 4134 ei
352 4071 509 4136 licenciam
533 4071 630 4149 dares,
653 4071 740 4151 quod
764 4071 875 4134 rediret
896 4071 936 4134 ad
959 4071 1090 4134 domum
1113 4089 1211 4147 suam,
1242 4077 1276 4133 ut
1297 4077 1366 4135 ante

301 4165 432 4224 mortem
456 4160 496 4224 de
518 4179 613 4224 vxore
636 4165 665 4224 et
694 4160 807 4224 familia
831 4160 922 4224 etde
944 4161 1009 4224 suis
1037 4159 1130 4223 rebus
1160 4159 1276 4238 aliquid
1305 4160 1366 4224 dis

327 4279 442 4334 Ulrlclr,
463 4279 603 4325 Lateinische
615 4279 750 4325 Novetnntt
764 4281 803 4325 des
817 4280 966 4326 Mittelnlters.
1208 4285 1241 4333 10
