3584 4884
704 433 950 490 -139-

290 604 429 684 quodam
462 603 521 680 die,
553 622 622 665 cum
655 603 730 683 pulli
761 604 919 666 ambulare
948 608 1095 684 poterant,
1126 605 1257 685 perrexit
1288 623 1359 667 cum

290 694 383 773 pullis
412 692 451 754 ad
483 691 683 772 spaciandum
714 696 796 754 extra
825 693 985 755 ciuitatem.
1032 693 1113 756 Cum
1143 712 1219 757 vero
1248 695 1360 758 absens

290 786 381 860 esset,
422 781 551 861 quidam
590 781 667 844 bulo
706 781 814 844 nidum
853 782 921 844 eius
957 782 1079 844 intrauit
1115 801 1151 845 ac
1188 783 1358 864 occupauit.

235 889 276 935 sas
292 871 429 951 Serpens
464 889 534 933 cum
566 871 626 934 hoc
656 869 793 948 vidisset,
829 871 933 950 posuit
961 870 1090 934 caudam
1125 871 1204 934 circa
1233 871 1358 935 cordam

290 978 440 1040 campane
465 963 494 1021 et
516 960 604 1021 traxit
625 977 660 1022 ac
683 960 823 1040 pulsauit,
847 978 882 1022 ac
905 960 930 1022 si
951 959 1103 1022 diceretur
1124 960 1164 1022 ab
1187 979 1234 1022 ea:
1262 961 1359 1024 „Des-

291 1050 396 1126 cende,
422 1049 523 1124 iudex,
547 1052 576 1110 et
591 1048 638 1111 lac
653 1048 746 1110 michi
762 1049 919 1126 iusticiam,
943 1049 1016 1128 quia
1031 1049 1141 1111 iniuste
1157 1049 1234 1112 bulo
1251 1049 1359 1112 nidum

292 1156 396 1200 meum
422 1139 585 1217 occupat!“
628 1137 721 1199 ludex
744 1155 814 1200 cum
831 1155 1010 1218 campanam
1026 1137 1167 1216 audisset,
1190 1137 1359 1212 descendit;

292 1227 449 1288 neminem
474 1226 558 1303 vidit,
582 1226 691 1288 iterum
714 1227 858 1289 ascendit.
896 1228 967 1289 lloc
981 1226 1091 1289 videns
1113 1244 1239 1307 serpens
1255 1227 1360 1290 iterato

238 1334 278 1380 aso
294 1315 439 1395 pulsauit.
487 1316 555 1377 llec
587 1314 716 1377 audiens
751 1315 843 1378 iudex
878 1316 987 1378 iterum
1022 1315 1188 1393 descendit,
1227 1320 1256 1377 et
1288 1334 1359 1379 cum

291 1408 466 1484 serpentem
490 1403 615 1466 cordam
639 1404 756 1466 trahere
787 1405 913 1467 vidisset
934 1408 963 1466 et
994 1405 1143 1468 bulonem
1168 1405 1270 1467 locum
1295 1405 1361 1467 eius

292 1497 504 1573 occupantem,
535 1493 671 1554 ascendit
693 1497 722 1555 et
744 1497 841 1556 toturn
874 1495 1049 1573 imperatori
1073 1494 1215 1556 narrauit
1259 1493 1311 1556 nit
1332 1495 1359 1556 ei

292 1583 472 1662 imperator:
499 1580 590 1646 „cito
613 1581 765 1644 descende
788 1586 817 1644 et
839 1600 903 1645 non
928 1587 1044 1644 tantum
1062 1583 1210 1645 bufonem
1234 1583 1359 1664 expelle,

292 1671 468 1733 sedeciam
493 1670 606 1745 occide,
639 1675 672 1732 ut
694 1688 821 1750 serpens
849 1671 952 1734 locum
975 1689 1066 1734 suum
1099 1671 1276 1734 rehabeant
1326 1673 1362 1734 Et

240 1778 279 1824 sss
293 1761 338 1822 sic
360 1759 474 1822 tactum
499 1763 554 1836 est;
586 1777 713 1839 serpens
740 1777 813 1821 vero
844 1759 952 1822 nidum
980 1777 1072 1822 suum
1097 1761 1240 1841 possedit
1288 1761 1362 1823 Post

293 1849 350 1911 hec
372 1866 447 1912 vero
471 1867 532 1910 vna
554 1847 683 1925 dierum,
707 1866 777 1911 cum
802 1848 967 1929 imperator
982 1849 1013 1910 in
1029 1853 1122 1912 stratu
1139 1867 1197 1911 suo
1214 1849 1360 1921 iacuisset,

292 1955 421 2018 serpens
445 1955 594 2000 cameram
627 1937 750 1998 intrauit
772 1942 960 2017 portansque
990 1938 1021 1999 in
1054 1956 1109 2001 ore
1137 1955 1196 1999 suo
1227 1938 1359 2017 lapidem

293 2045 435 2107 paruum.
470 2027 536 2088 Hec
551 2025 688 2088 videntes
704 2027 785 2088 serui
809 2026 985 2105 imperatori
1008 2027 1047 2090 de
1071 2026 1196 2089 introitu
1212 2026 1361 2107 serpentis

294 2116 465 2178 narrabant.
511 2115 550 2177 nt
577 2115 640 2177 ille:
675 2115 797 2180 „Nolite
825 2133 895 2177 eum
925 2115 1089 2196 impedire!
1137 2114 1241 2178 Credo
1264 2115 1360 2190 enim,

242 2222 280 2267 ooo
295 2204 381 2284 quod
412 2205 533 2267 nullum
569 2205 683 2266 malum
717 2204 808 2266 michi
840 2203 954 2267 iaciatt
1003 2204 1136 2285 Serpens
1165 2222 1239 2266 vero
1269 2222 1362 2283 super

294 2295 405 2356 lectum
430 2294 496 2356 eius
519 2293 655 2356 ascendit
678 2297 707 2355 et
728 2311 762 2356 se
784 2292 822 2354 ad
846 2293 955 2355 taciem
978 2311 1065 2356 suam
1090 2293 1232 2374 porrexit.
1278 2292 1359 2355 Cum

293 2402 368 2446 vero
391 2383 430 2445 ad
454 2383 580 2445 occulos
595 2383 662 2445 eius
677 2383 816 2459 venisset,
841 2381 973 2461 lapidem
998 2401 1091 2463 super
1113 2383 1238 2444 occulos
1254 2381 1361 2444 oadere

294 2472 431 2552 permisit
460 2475 490 2533 et
519 2471 616 2534 statim
649 2471 750 2534 exiuit.
801 2471 883 2534 Cum
915 2489 989 2534 vero
1020 2471 1096 2552 lapis
1127 2471 1207 2532 duos
1236 2470 1362 2534 occulos

295 2561 361 2623 eius
384 2561 536 2640 tetigisset,
561 2560 727 2640 imperator
748 2561 863 2622 clamm
887 2560 989 2622 visum
1013 2561 1133 2640 recepit
1164 2560 1236 2622 Non
1261 2558 1361 2622 modi·

244 2667 282 2712 sos
296 2668 366 2712 cum
390 2649 530 2729 gaudens
553 2653 724 2730 serpentem
749 2649 861 2728 requiri
883 2648 961 2725 lecit,
984 2649 1038 2711 sed
1063 2652 1187 2712 nonest
1209 2649 1361 2711 inuentus.

296 2738 347 2800 llle
370 2756 452 2816 ver0,
477 2738 625 2817 quamdiu
650 2738 731 2816 vixit,
755 2737 886 2817 lapidem
911 2755 1015 2800 secum
1032 2736 1197 2800 custodiuit
1219 2742 1248 2800 et
1270 2737 1361 2799 sicin

296 2846 369 2907 pace
391 2827 482 2890 vitam
508 2827 624 2891 liniuet.

646 3022 721 3103 Cap.
749 3026 808 3086 159
835 3023 894 3099 (Bl.
920 3022 1012 3101 8tr.).

519 3142 563 3198 De
581 3142 676 3211 milite,
695 3158 779 3214 quem
799 3143 843 3199 leo
863 3142 990 3198 liberauit
1008 3159 1024 3197 a
1043 3145 1139 3198 morte.

386 3270 521 3346 Qvidam
553 3272 640 3334 miles
671 3277 740 3348 erat,
772 3272 825 3351 qui
858 3289 954 3351 super
976 3272 1080 3334 omnia
1110 3271 1214 3333 venari
1248 3270 1361 3334 dilexit.

297 3360 414 3424 Accidit
447 3361 498 3423 die
532 3379 604 3438 vna,
641 3359 741 3440 quod,
780 3379 850 3423 cum
886 3360 925 3422 ad
961 3360 1137 3423 uenandum
1174 3358 1361 3439 perrexisset,

149 3485 150 3502 r
247 3469 284 3513 sto
299 3450 430 3512 occurrit
461 3450 487 3512 ei
519 3450 568 3512 leo
596 3449 776 3527 claudicans,
812 3450 865 3530 qui
897 3449 1008 3529 pedem
1038 3467 1129 3511 suum
1162 3450 1189 3510 ei
1219 3448 1360 3510 ostendit

298 3539 388 3601 Miles
411 3557 484 3601 vero
508 3538 547 3600 de
576 3557 657 3618 equo
688 3538 847 3602 descendit
876 3544 906 3600 et
936 3538 1056 3618 spinam
1079 3543 1197 3600 acutam
1221 3537 1261 3598 de
1284 3537 1363 3616 pede

297 3628 363 3690 eius
386 3627 512 3690 extraxit
525 3633 616 3706 atque
632 3633 822 3706 unguentum
839 3628 959 3690 vulneri
978 3628 1045 3689 eius
1059 3627 1211 3708 apposuit
1234 3625 1363 3688 Sanatus

298 3717 346 3778 leo
370 3720 466 3779 estet
495 3715 533 3778 ad
558 3734 685 3780 nemora
716 3717 854 3797 perrexit.
902 3717 976 3779 Post
1006 3717 1063 3778 hec
1092 3734 1166 3778 vero
1197 3734 1249 3777 rex
1282 3715 1363 3776 illius

298 3805 358 3884 (BL
384 3811 418 3867 8t
433 3805 471 3883 v.)
503 3805 587 3884 regni
618 3810 745 3868 venatus
775 3810 820 3868 est
850 3805 880 3866 in
912 3806 1021 3868 eodem
1054 3823 1189 3867 nemore.
1234 3804 1261 3865 Α
1291 3821 1362 3866 casu

246 3914 284 3959 sn
299 3894 432 3957 eundem
458 3894 578 3957 leonem
603 3895 684 3975 cepit
705 3900 733 3957 et
757 3894 884 3957 nutriuit
905 3893 995 3956 annis
1018 3895 1129 3958 multis.
1176 3893 1265 3956 Miles
1288 3910 1362 3954 vero

298 3983 348 4046 ille
370 3986 476 4046 contra
499 4001 602 4062 regem
626 3984 757 4047 surrexit
779 3988 808 4045 et
831 3983 861 4044 in
886 3981 1016 4045 eandem
1038 3983 1180 4046 forestam
1204 4000 1237 4045 se
1260 3980 1364 4061 posuit

297 4077 326 4135 et
348 4089 459 4134 omnes
481 4077 670 4135 transeuntes
692 4072 837 4152 spoliauit
854 4090 889 4134 ac
905 4071 1023 4134 occidit.
1057 4071 1120 4138 Rex
1135 4089 1208 4133 vero
1224 4068 1363 4150 explora-

296 4167 379 4226 tores
403 4160 540 4239 lrabebat,
564 4161 617 4240 qui
634 4179 704 4223 eum
729 4160 999 4240 apprehenderunt
1020 4163 1050 4221 et
1071 4163 1140 4221 ante
1164 4175 1266 4235 regem
1290 4175 1361 4221 eum
