3584 4884
833 460 1073 519 -188-

426 640 456 700 et
476 633 627 716 adjuravit
655 652 726 699 eum
753 633 785 696 in
813 632 940 697 nomine
963 630 1091 695 Domini
1119 634 1152 694 ut
1180 630 1343 695 dimitteret
1370 630 1486 694 librum

427 724 523 798 illum.
569 724 701 789 Etcum
731 722 900 787 revolveret
929 720 1050 799 librum,
1082 719 1198 783 invenit
1223 720 1255 783 in
1286 738 1348 783 una
1375 719 1488 801 pagina

427 814 494 895 ejus
519 812 666 895 scriptum
695 811 781 894 quod
809 811 884 892 ipse,
915 810 966 873 illa
995 808 1045 873 die
1075 812 1105 872 et
1133 810 1209 873 hora
1239 827 1301 889 qua
1330 808 1487 887 debuerat,

372 922 415 970 uo
430 922 544 969 nonam
567 920 631 967 non
654 902 774 967 dioerat
820 902 887 983 lpse
909 902 1009 963 autern
1032 898 1129 962 statim
1160 902 1327 978 prostratus
1354 896 1488 978 pedibus

428 993 502 1059 socii
529 992 587 1071 sui,
615 1009 703 1055 suam
730 989 905 1055 contessum
936 991 980 1051 est
1006 987 1241 1067 negligenciam,
1271 991 1300 1049 et
1326 986 1425 1050 statim
1454 986 1488 1048 in

429 1082 530 1149 rotulo
544 1081 669 1164 dyaboli
685 1078 857 1161 respiciens,
873 1076 989 1141 invenit
1003 1075 1088 1157 quod
1105 1076 1189 1157 prius
1204 1080 1267 1139 erat
1281 1076 1323 1139 ibi
1339 1076 1487 1156 scriptum

428 1172 569 1249 deletum,
592 1175 681 1235 etex
704 1169 765 1235 hoc
786 1168 872 1233 novit
893 1167 1033 1231 virtutem
1056 1164 1265 1229 confessionis.

517 1262 590 1325 ltem
618 1260 729 1324 dicitur
750 1256 845 1339 quod,
875 1274 945 1321 cum
973 1253 1105 1335 quedam
1134 1253 1227 1319 vidua
1253 1252 1488 1316 familiarissima

374 1372 417 1421 uuo
431 1355 509 1418 esset
529 1349 690 1432 cuiusdam
712 1346 847 1430 episcopi
876 1348 999 1427 propter
1021 1343 1201 1423 religionem
1224 1360 1285 1423 que
1307 1340 1489 1405 credebatur

430 1444 463 1507 in
485 1458 529 1519 ea,
550 1458 630 1517 cum,
654 1438 814 1519 instigante
836 1434 978 1517 dyabolo,
1006 1435 1156 1514 peccasset
1176 1450 1246 1495 cum
1270 1430 1397 1512 proprio
1420 1430 1487 1493 tilio

431 1537 461 1599 et
481 1531 600 1614 prolem
624 1528 696 1593 inde
718 1526 880 1603 habuisset,
908 1522 989 1587 idem
1012 1521 1170 1603 dyabolus,
1193 1520 1301 1583 volens
1323 1536 1389 1583 eam
1413 1537 1488 1583 con-

431 1622 561 1688 tundere
590 1624 620 1685 et
653 1636 709 1701 per
740 1616 820 1679 lianc
852 1612 1009 1693 religiosas
1042 1626 1188 1692 personas
1218 1608 1420 1686 interminare,
1454 1608 1487 1670 in

433 1714 567 1777 humana
588 1709 689 1792 specie
710 1704 793 1771 veuit
813 1704 852 1768 ad
874 1703 1062 1784 episcopum,
1090 1698 1195 1762 dicens
1217 1697 1303 1777 quod
1325 1715 1391 1760 eam
1415 1714 1487 1778 pro

376 1822 420 1870 noo
435 1804 519 1868 buret
541 1801 614 1883 ipse,
637 1798 688 1863 die
701 1797 858 1876 assignata,
881 1791 1043 1873 pessimam
1060 1788 1256 1851 meretricem.
1288 1786 1369 1850 Cum
1384 1789 1486 1849 autern

433 1893 617 1959 accussasset
645 1906 721 1966 eam,
753 1884 923 1965 assignatur
952 1880 979 1943 ei
1011 1878 1077 1941 dies
1109 1876 1148 1940 ad
1182 1876 1377 1957 probandum
1407 1874 1488 1938 dicta

433 1986 539 2048 contra
560 1998 637 2045 eam.
673 1974 840 2059 Dyabolus,
863 1970 1010 2051 colligens
1031 1971 1061 2031 et
1082 1965 1240 2048 inscripto
1263 1964 1405 2044 redigens
1423 1966 1488 2026 acta

434 2073 501 2155 eius
523 2075 553 2135 et
579 2086 688 2135 omues
716 2063 826 2148 peccati
855 2061 921 2141 ejus
948 2055 1196 2132 circumstantias,
1225 2053 1264 2117 ad
1287 2053 1368 2115 diem
1392 2052 1487 2115 venit:

435 2162 487 2227 illa
508 2165 617 2237 autem,
640 2156 749 2221 videns
771 2152 829 2218 sibi
850 2151 934 2214 diem
959 2148 1074 2223 instare,
1106 2144 1243 2208 confessa
1265 2146 1310 2205 est
1332 2144 1487 2223 peccatum

377 2270 420 2317 nro
435 2268 540 2328 sunm,
569 2246 721 2331 dyabolus
733 2248 843 2321 autem,
865 2258 901 2303 ea
915 2236 1054 2302 veniente
1067 2233 1106 2298 ad
1122 2234 1211 2309 diem,
1233 2232 1372 2312 aperiens
1394 2234 1489 2293 cartas

433 2358 513 2418 suas,
536 2337 651 2403 invenit
673 2333 777 2399 omnia
799 2349 860 2411 que
878 2332 982 2393 contra
996 2342 1063 2389 eam
1086 2322 1215 2387 habebat
1236 2320 1340 2397 deleta
1363 2319 1490 2399 insuper

434 2447 492 2493 nec
512 2446 580 2492 eam
602 2423 735 2506 agnovit.

808 2523 858 2580 77.
907 2516 960 2595 [=
983 2513 1013 2577 S.
1040 2510 1121 2591 159]

521 2639 634 2706 Audivi
650 2635 736 2720 quod
759 2634 790 2697 in
807 2631 938 2715 quadam
962 2628 1087 2693 abbacia
1102 2628 1164 2689 erat
1183 2622 1274 2688 nidus
1289 2621 1488 2686 ciconiarum:

435 2751 505 2798 cum
528 2726 628 2796 aulem
657 2725 810 2790 masculus
839 2719 1010 2785 recessisset
1031 2718 1070 2781 de
1093 2714 1168 2779 nido
1190 2712 1228 2776 ad
1252 2714 1378 2794 pastum,
1409 2726 1488 2773 mas-

378 2842 422 2891 uu
436 2824 523 2888 culus
555 2820 641 2898 alius,
672 2815 780 2881 nidum
811 2812 938 2887 intrans,
971 2804 1222 2872 commiscebatur
1255 2818 1324 2865 cum
1359 2798 1488 2876 ciconia;

435 2932 497 2997 que
518 2910 617 2977 statim
646 2907 685 2972 ad
712 2906 828 2970 iontem
859 2899 903 2964 ibi
936 2897 1153 2981 propinquum,
1183 2894 1343 2970 antequam
1373 2887 1490 2951 veniret

435 3004 502 3087 ejus
533 2998 693 3076 masculus,
724 2990 920 3068 descendens,
952 3005 985 3051 se
1012 2985 1054 3049 ibi
1083 2980 1231 3046 abluebat
1276 2978 1357 3042 Cum
1387 2980 1488 3040 autem

436 3094 496 3158 hoc
524 3092 697 3171 frequenter
730 3085 815 3148 tieret
845 3085 875 3145 et
896 3074 1038 3142 monachi
1071 3072 1131 3135 hoc
1164 3068 1358 3151 perciperent,
1393 3065 1489 3147 impe-

436 3184 558 3247 dierunt
585 3197 651 3243 eam
676 3196 715 3241 ne
737 3192 770 3239 se
792 3174 823 3236 in
851 3171 935 3234 tonte
962 3167 1064 3247 posset
1090 3162 1195 3237 lavare,
1226 3172 1388 3237 quousque
1410 3171 1489 3217 mas

378 3293 422 3340 sou
436 3272 524 3337 culus
545 3270 612 3351 ejus
634 3266 780 3342 venisset;
803 3260 856 3343 qui
879 3256 977 3323 statim
1000 3251 1169 3317 adulterum
1193 3244 1369 3329 percipiens,
1392 3243 1431 3306 ab
1454 3260 1490 3305 ea

435 3360 563 3438 recessit,
586 3362 616 3422 et
637 3357 710 3421 alias
733 3352 864 3417 ciconias
887 3348 918 3411 in
939 3344 1099 3408 maximam
1117 3334 1339 3401 multitudinem
1362 3349 1489 3411 congre-

434 3452 524 3533 gavit,
554 3466 616 3530 que
645 3446 677 3508 in
706 3446 791 3526 prato
813 3439 923 3514 vicin0,
957 3434 999 3497 ibi
1026 3424 1229 3513 spectantibus
1255 3427 1285 3487 et
1310 3420 1490 3485 mirantibus

435 3540 546 3617 multis,
577 3536 616 3601 ad
641 3534 770 3598 invicem
797 3528 974 3601 deriserunt,
1006 3526 1034 3585 et
1060 3519 1129 3582 illos
1158 3515 1238 3578 duos
1267 3511 1320 3593 qui
1347 3510 1433 3592 quasi
1457 3509 1489 3571 in

433 3627 583 3692 adulterio
605 3644 639 3690 se
661 3620 921 3693 commiscuerant,
952 3616 1112 3695 postquam
1141 3604 1193 3668 diu
1225 3602 1296 3665 hinc
1325 3598 1396 3662 inde
1419 3614 1488 3661 cum

377 3737 421 3785 sas
436 3717 541 3782 rostris
562 3714 775 3796 strepitassent,
806 3709 837 3771 in
870 3703 973 3769 medio
1001 3698 1125 3783 positos,
1155 3693 1194 3757 ad
1217 3691 1357 3755 ultimum
1381 3686 1412 3749 in
1436 3703 1490 3750 eos

434 3808 590 3883 irruentes,
614 3800 867 3883 deplumaverunt
885 3798 914 3858 et
936 3787 1140 3856 laceraverunt
1154 3786 1183 3846 et
1197 3778 1380 3855 occiderunt,
1403 3775 1489 3857 quasi

434 3900 512 3962 esset
534 3892 686 3959 sentencia
709 3888 778 3952 data
800 3889 904 3951 contra
927 3898 990 3946 eos.

810 4008 859 4065 18.
908 3999 960 4079 [=
984 3996 1014 4061 S.
1041 3990 1122 4070 177]

520 4126 635 4192 Audivi
659 4119 745 4203 quod
768 4117 867 4181 vetula
899 4112 1028 4177 habebat
1049 4106 1162 4189 gallum
1186 4100 1239 4181 qui
1262 4098 1376 4178 optime
1399 4096 1491 4159 horas

432 4218 531 4283 noctis
553 4210 765 4291 distinguebat,
788 4210 817 4267 et
839 4204 917 4267 circa
940 4200 1073 4281 pn'mnm
1089 4204 1253 4271 sompnum
1273 4186 1330 4248 alte
1346 4184 1489 4262 cantabat,
