3584 4884
834 425 1062 479 ..44-

349 612 392 659 rao
408 598 512 659 nosler
534 596 695 659 exterritus
709 594 774 672 fuit,
798 599 828 657 et
851 594 935 675 rupit
949 594 1097 657 chamum
1113 609 1220 668 suurn,
1235 594 1268 653 et
1281 590 1363 653 dum
1379 588 1506 667 fugeret

405 683 464 747 sub
499 683 633 764 pedibus
666 683 733 746 suis
762 700 870 746 canem
901 682 1076 746 suffocavit
1124 679 1188 744 Cui
1211 678 1380 742 dominus:
1412 675 1505 751 Quid

404 775 504 835 actum
528 777 573 835 est
596 771 637 834 de
663 771 773 835 mulo?
806 807 832 815 -
864 770 994 835 Servus:
1018 772 1052 832 ln
1078 774 1209 850 puteum
1234 766 1349 830 cecidit
1371 770 1403 829 et
1418 782 1505 827 mor·

405 862 476 921 tuus
499 862 550 922 esf.
583 894 610 903 —
647 857 675 922 3.
702 860 874 923 Dominus:
900 858 1078 933 Quomodo
1101 856 1268 920 exterritus
1291 855 1354 918 fuit
1370 854 1504 917 mulus?

414 980 440 991 -
472 946 598 1011 Servus:
633 947 732 1011 filius
755 952 861 1011 noster
884 946 995 1011 cecidit
1016 947 1057 1009 de
1080 946 1209 1022 solario,
1233 945 1275 1007 ita
1298 943 1391 1024 quod
1420 960 1505 1005 mor-

346 1052 390 1097 us
406 1038 476 1099 tuus
499 1040 551 1113 est,
576 1039 606 1099 et
630 1035 705 1098 inde
729 1036 889 1101 exterritus
913 1036 972 1098 fuit
994 1035 1109 1099 mulus
1144 1070 1171 1079 -
1206 1033 1384 1097 Dominus:
1415 1031 1505 1105 Quid

403 1122 466 1203 agll
488 1122 621 1203 genitrix
645 1125 724 1187 sua?
757 1159 784 1169 -
816 1123 946 1188 Servus:
972 1124 1050 1187 Prae
1074 1123 1177 1187 nimio
1201 1121 1316 1186 dolore
1338 1121 1403 1184 nati
1420 1138 1506 1184 mor-

404 1213 455 1273 tua
489 1216 541 1275 est.
583 1245 616 1255 -
662 1212 834 1275 Dominus:
871 1212 955 1287 Quis
989 1211 1126 1275 custodit
1160 1211 1321 1274 domum?
1370 1209 1507 1275 Servus:

404 1296 524 1375 Nullus,
553 1300 709 1379 quoniam
741 1300 773 1362 in
805 1301 941 1365 cinerem
974 1318 1062 1363 versa
1089 1305 1144 1376 est,
1177 1304 1208 1363 et
1231 1298 1387 1379 quicquid
1413 1298 1446 1360 in
1471 1316 1509 1360 ea

403 1388 473 1447 erat.
498 1420 524 1430 -
560 1396 589 1451 4.
617 1388 791 1451 Dominus:
816 1388 994 1463 Quomodo
1009 1388 1275 1453 combustafuit?
1309 1424 1337 1431 —
1371 1386 1507 1451 Servus:

343 1490 388 1537 suo
406 1472 437 1535 lu
462 1473 569 1537 eadem
597 1480 699 1553 nocte,
724 1494 787 1557 qua
811 1477 943 1541 domina
967 1482 1092 1543 mortua
1115 1477 1183 1554 fuit,
1208 1475 1403 1557 pedissequa
1426 1493 1509 1556 quae

402 1559 546 1640 vigilabat
576 1581 637 1643 pro
669 1563 801 1628 domina
831 1565 929 1629 oblita
960 1565 1020 1628 fuit
1054 1565 1220 1628 candelam
1246 1566 1278 1627 in
1304 1566 1461 1640 thalamo,
1479 1569 1510 1627 et

402 1648 441 1711 ila
464 1650 629 1715 combusta
653 1650 713 1715 fuit
736 1652 852 1716 domus
875 1657 948 1717 fota
972 1690 999 1697 —
1026 1654 1203 1718 Dominus:
1230 1653 1429 1733 pedissequa
1452 1652 1508 1715 ubi

401 1736 467 1799 est?
499 1772 524 1781 -
559 1736 692 1803 Servus:
725 1741 793 1821 Ipsa
823 1742 950 1805 volebat
980 1742 1086 1821 ignem
1112 1743 1307 1823 extinguere,
1340 1746 1373 1805 et
1396 1740 1510 1805 occidit

401 1822 500 1888 trabes
528 1842 627 1907 super
659 1834 753 1909 caput
783 1829 859 1908 eius,
891 1834 923 1893 et
945 1834 1070 1894 mortua
1092 1835 1149 1894 est
1182 1868 1211 1875 --
1245 1831 1424 1894 Dominus:
1459 1830 1509 1893 Tu

340 1926 385 1973 nuo
401 1926 475 1975 vero
505 1914 677 1993 quomodo
708 1917 839 1994 evasisti,
871 1934 972 1997 quum
1005 1922 1068 1981 tam
1094 1920 1186 2000 piger
1209 1920 1276 1983 sis?
1310 1956 1337 1963 -
1372 1918 1510 1983 Servus:

400 1996 508 2071 Quum
534 2000 678 2065 viderem
704 2004 926 2085 pedissequam
950 2007 1132 2071 defunctam
1157 2008 1268 2088 effugi.

781 2146 949 2211 XXXVIII.
1000 2156 1055 2210 l-
1070 2157 1120 2211 10.

490 2266 517 2323 l.
544 2260 630 2339 Item,
656 2266 776 2329 dictum
800 2274 847 2332 est
869 2271 912 2334 de
934 2272 1118 2337 Alexandro
1144 2274 1235 2353 quod
1259 2275 1425 2355 sepultura
1441 2274 1512 2354 ejus

398 2342 475 2409 torel
505 2364 611 2427 aurea,
642 2356 673 2415 et
705 2354 737 2416 in
771 2357 880 2435 pervio
913 2361 1067 2425 omnibus
1090 2362 1133 2424 ad
1157 2367 1273 2425 terram
1299 2363 1412 2443 posita.
1460 2362 1512 2426 nd

396 2444 490 2509 quam
517 2434 649 2514 plurimi
675 2450 894 2508 convenerunt
918 2448 1114 2530 philosophi,
1139 2451 1319 2531 dequibus
1341 2452 1386 2514 ait
1410 2469 1511 2515 unus:

336 2532 380 2577 vrri
487 2526 517 2587 2.
544 2522 730 2591 Alexander
760 2550 798 2593 ex
821 2551 901 2598 auro
926 2536 998 2599 feclt
1019 2538 1218 2617 thesaurum;
1252 2558 1341 2603 nunc
1364 2545 1413 2603 est
1436 2558 1513 2603 con-

396 2602 505 2683 versio,
531 2626 648 2675 aurum
675 2614 716 2679 de
740 2636 779 2683 eo
803 2620 876 2683 facil
899 2624 1092 2688 thesaurum.

486 2698 515 2757 3.
540 2696 648 2765 Alius:
676 2703 754 2767 Heri
779 2710 863 2771 lotus
888 2714 1188 2779 nonsufficiebatei
1206 2718 1360 2782 mundus.
1402 2717 1513 2781 Hodie

393 2780 529 2855 urraluor
552 2786 641 2851 solae
667 2792 747 2855 telae
769 2795 935 2861 sufficiunt
957 2802 986 2862 ei
1011 2803 1114 2867 ulnae

484 2874 513 2931 ⁴.
537 2868 631 2937 Alius
657 2878 884 2962 philosophus:
915 2888 995 2951 Heri
1023 2892 1148 2971 populo
1172 2893 1351 2974 imperavit.
1402 2895 1516 2959 Hodie

333 2964 376 3009 vra
393 2952 533 3031 populus
558 2956 697 3041 imperat
720 2966 774 3033 illi.

484 3042 512 3105 5.
537 3042 632 3112 Alius
666 3052 895 3138 philosophus:
931 3064 1009 3127 Heri
1042 3069 1162 3132 multos
1185 3071 1291 3150 potuit
1315 3072 1453 3135 liberare
1477 3091 1517 3136 ex

391 3128 499 3191 lllollc.
550 3130 662 3235 llodle
687 3146 839 3225 nescius
860 3148 964 3227 iacula
987 3155 1086 3217 valuit
1108 3157 1259 3223 devitare.

388 3290 467 3361 mur
481 3216 753 3383 ‹IerIIIIIImeXffl
777 3232 915 3299 ducebat
936 3243 1103 3306 exercitus.
1152 3246 1263 3311 Hodie
1293 3249 1336 3312 ab
1367 3248 1432 3313 illis
1456 3250 1517 3312 du-

330 3388 372 3433 rni
387 3470 436 3531 mr
461 3390 646 3553 ‘'zgehllus:
676 3402 754 3469 lteri
780 3412 893 3473 terram
918 3418 1091 3494 premebat.
1140 3422 1250 3486 HodIe
1266 3426 1381 3488 eadem
1399 3428 1518 3507 premi-

386 3634 414 3703 Η
479 3564 509 3623 ll.
536 3562 631 3633 :illus
674 3576 904 3663 philosophus:
946 3590 1026 3654 Heri
1065 3603 1179 3675 gentes
1226 3619 1303 3663 eum
1352 3604 1520 3667 timebant

418 3640 494 3709 lullo
520 3652 619 3719 vilem
647 3676 727 3729 erim
752 3667 913 3751 deputant

227 3805 232 3822 ἱ
478 3736 507 3795 ’λ
534 3734 644 3807 dilus:
674 3748 756 3819 lteri
780 3758 902 3825 avulsos
917 3762 1031 3831 babuit
1044 3776 1077 3833 et
1091 3772 1252 3840 inimicos
1294 3779 1406 3843 Hodie
1423 3782 1523 3845 habel

325 3828 367 3873 vu
384 3828 499 3881 ultrum
522 3830 691 3907 uruualrs

481 3910 531 3971 lu„
558 3910 623 3979 sul
650 3920 696 3987 de
722 3930 849 4009 frigium
864 3934 997 4005 duobus
1012 3944 1221 4030 philosophis
1236 3953 1523 4022 circumstantibus

380 3985 789 4171 31:³22·''gruguapiraglg
810 4026 1032 4103 patientissimo
1067 4052 1145 4116 rege
1179 4040 1305 4119 dixerit,
1341 4048 1524 4111 memoriae

960 4224 1037 4234 -——
