3584 4884
734 401 958 460 ...95-

299 574 422 654 loquar,
455 573 545 652 quod
568 573 624 636 tibi
648 573 830 654 displicebit,
860 574 934 654 quia
958 574 1033 638 noui
1056 577 1087 636 ct
1114 573 1156 638 ab
1182 572 1250 636 aliis
1276 571 1382 634 audiui

300 661 389 741 quod
415 667 522 724 sancta
545 662 658 725 mulier
680 663 723 725 sis
747 667 775 725 et
798 667 925 742 propter
947 662 1079 724 nimium
1102 679 1241 724 amorem
1264 660 1323 722 viri
1339 660 1383 723 tui

301 751 439 813 intendis
464 751 496 812 in
521 751 591 813 loco
609 751 667 813 isto
684 751 793 812 mori.t
820 751 859 812 nt
874 751 938 812 illa:
977 751 1041 816 „Te
1052 750 1165 812 intrare
1180 749 1380 830 permittam·

243 857 293 902 noo
303 840 339 900 Et
362 857 436 901 cum
462 838 610 914 intrasset
642 856 676 900 se
699 838 738 900 ad
769 838 873 917 ignem
897 839 1098 904 calefaciebat
1130 839 1298 917 Postquam
1321 841 1395 900 eran

301 927 475 1002 calefactus,
499 926 602 989 ailad
627 927 802 990 dominam:
836 926 887 992 »Ο
911 927 1078 1003 karissima,
1109 927 1164 990 tibi
1189 927 1249 1006 (BL
1276 927 1382 1004 tlon)

302 1034 367 1078 non
392 1015 555 1095 displiceat
577 1019 611 1076 ut
634 1015 734 1078 dicam
758 1034 854 1096 pauca
876 1017 1006 1079 verbai¹¹
1055 1015 1128 1089 Que
1149 1016 1203 1078 ait:
1230 1014 1383 1080 ‚Audiam

302 1107 331 1166 et
354 1108 465 1184 postea
493 1103 722 1184 respondebo.u
772 1105 862 1167 Miles
885 1104 975 1167 dixit:
1009 1104 1175 1180 ‚Domina
1205 1108 1237 1166 tu
1269 1103 1383 1183 pulcra,

301 1197 333 1254 tu
363 1210 528 1272 generosa,
558 1198 591 1255 tu
615 1193 763 1272 graciosa,
795 1193 917 1256 iuuenis
941 1197 971 1256 et
993 1193 1082 1256 diues
1105 1209 1147 1255 es
1193 1191 1306 1254 Melius
1327 1190 1383 1253 tibi

246 1285 384 1346 incesset
407 1282 440 1344 in
466 1281 565 1344 domo
588 1286 639 1344 tua
656 1300 844 1362 permanere,
868 1282 1063 1362 elemosynas
1078 1281 1179 1360 largas
1201 1297 1259 1360 pro
1281 1280 1384 1342 anima

303 1370 403 1432 mariti
428 1370 473 1432 tui
498 1375 681 1450 perpetrare,
705 1389 798 1450 quam
823 1371 874 1432 hic
895 1370 963 1433 sola
981 1387 1160 1450 permanere
1183 1372 1213 1430 et
1233 1371 1263 1430 te
1286 1368 1383 1448 ipsam

303 1477 359 1540 per
382 1459 519 1538 gemitus
543 1464 572 1520 et
595 1459 728 1538 suspiria
750 1460 970 1522 consumere!u
1003 1459 1043 1520 At
1065 1458 1129 1520 illa:
1163 1457 1214 1522 „0
1238 1455 1334 1534 miles,
1357 1457 1383 1520 si

303 1549 359 1611 ista
383 1547 547 1610 sciuissem
572 1546 659 1626 quod
692 1547 762 1609 talia
785 1548 974 1627 protulisses,
1005 1565 1106 1610 casam
1138 1564 1201 1608 non
1233 1546 1383 1609 intrasses.

304 1637 374 1699 Tibi
400 1637 483 1713 dico,
515 1635 594 1698 sicut
620 1635 688 1698 aliis
711 1636 816 1716 sepius
839 1636 917 1699 dixi:
951 1636 1056 1701 „Bene
1077 1635 1133 1697 tibi
1156 1638 1274 1698 constat
1296 1633 1383 1714 quod

247 1745 296 1790 uon
305 1725 436 1787 maritus
471 1741 561 1787 meus
595 1728 713 1786 tantum
745 1744 794 1788 me
825 1725 943 1802 dilexit,
978 1724 1065 1804 quod
1096 1728 1224 1804 propter
1253 1741 1383 1803 parvum

304 1814 493 1892 sanguinem
517 1812 605 1892 digiti
635 1813 696 1876 mei
720 1817 862 1876 mortuus
885 1818 938 1891 est,
971 1817 1083 1893 elego
1106 1830 1165 1892 pro
1188 1811 1255 1874 eius
1278 1830 1384 1875 amore

303 1903 378 1965 volo
403 1902 456 1965 hic
480 1902 590 1964 morit
640 1902 731 1964 Miles
759 1903 816 1965 hec
838 1901 971 1965 audiens
992 1902 1061 1964 vale
1083 1902 1111 1963 ei
1134 1901 1218 1978 tecit,
1248 1900 1385 1964 ascendit

304 1991 496 2052 dextrarium
521 1994 551 2052 et
573 1990 722 2070 equitauit
743 1991 783 2054 ad
808 1991 990 2071 patibulum.
1023 1991 1058 2052 Et
1081 2007 1152 2053 cum
1176 1989 1220 2051 ibi
1243 1990 1382 2066 venisset,

304 2079 458 2142 latronem
490 2078 627 2141 ablatum
660 2079 785 2142 inuenit
832 2079 1001 2143 Commota
1030 2083 1103 2141 sunt
1133 2077 1239 2140 omnia
1268 2078 1384 2140 viscera

247 2168 373 2232 unneius
396 2172 428 2230 et
450 2168 504 2230 ait:
532 2168 623 2232 „Heu
648 2168 751 2245 michi,
775 2167 851 2248 quid
875 2168 956 2230 leci?
991 2169 1053 2230 lam
1077 2167 1183 2230 omnia
1206 2167 1333 2229 mobilia
1355 2171 1385 2229 et

304 2256 472 2320 inmobilia
502 2256 622 2336 perdidi
654 2261 683 2319 et
713 2257 773 2319 vita
801 2275 869 2318 mea
900 2256 1004 2320 estin
1034 2255 1137 2335 gracia
1159 2255 1380 2335 imperatoris.u

305 2347 386 2408 lntra
410 2363 445 2408 se
469 2345 628 2424 cogitauit:
656 2344 762 2418 „Quid
787 2345 895 2408 iaciam
919 2345 968 2407 vel
991 2343 1044 2408 vbi
1067 2343 1231 2407 consilium
1255 2362 1382 2424 queram

305 2434 345 2496 de
368 2439 456 2498 tanto
480 2434 641 2514 dampno?
686 2434 746 2496 llic
769 2435 800 2496 in
825 2434 975 2497 cimiterio
998 2436 1101 2495 manet
1122 2437 1225 2495 sancta
1246 2432 1382 2511 domina,

306 2524 346 2586 de
369 2542 434 2603 qua
458 2523 518 2584 iam
542 2523 622 2600 veni,
647 2541 709 2601 que
732 2541 790 2602 pro
805 2541 912 2586 amore
928 2522 984 2584 viri
1001 2522 1049 2584 sui
1066 2521 1224 2585 morietur.
1261 2521 1381 2586 Uadam

249 2612 345 2676 moad
382 2630 451 2674 eam
487 2616 517 2674 ct
554 2611 718 2674 consilium
758 2627 914 2691 queram.u
976 2610 1128 2673 Percussit
1161 2627 1276 2689 equum
1311 2628 1381 2673 curn

306 2701 486 2778 calcaribus,
518 2700 603 2762 venit
631 2699 671 2762 ad
703 2718 802 2762 casam
834 2700 970 2777 domine,
1004 2699 1152 2778 percussit
1181 2699 1220 2760 ad
1251 2700 1382 2761 ianuam.

308 2790 457 2867 Domina,
482 2807 553 2851 cum
577 2788 720 2866 audisset,
744 2807 866 2851 causam
885 2788 1072 2869 pulsationis
1088 2787 1229 2867 quesiuit
1264 2788 1381 2851 mille:

309 2878 472 2944 „Domina
495 2877 663 2954 karissima,
687 2895 747 2956 ego
770 2895 839 2940 sum
857 2878 1036 2954 vicecomes,
1061 2876 1114 2955 qui
1139 2876 1199 2938 iam
1220 2895 1302 2938 eram
1324 2876 1382 2940 hin

309 2967 422 3030 liabeo
457 2984 554 3029 vnum
590 2970 740 3029 secretum
771 2966 826 3029 tihi
858 2965 1001 3046 pandere,
1036 2969 1066 3027 et
1095 2965 1167 3027 ideo
1197 2964 1246 3028 dei
1277 2983 1382 3028 amore

248 3073 299 3120 1111
309 3055 467 3135 permittas
502 3074 552 3118 me
588 3055 733 3117 intrare!u
783 3055 923 3117 Domina
955 3072 1030 3116 vero
1065 3053 1199 3116 hostium
1233 3054 1381 3134 apperuit

308 3143 384 3221 Qui,
409 3161 480 3206 cum
496 3144 643 3220 intrasset,
667 3144 719 3206 ait:
747 3143 798 3208 „0
814 3143 951 3219 domina,
968 3161 1051 3204 nunc
1066 3160 1165 3222 quero
1180 3146 1231 3205 tua
1246 3143 1381 3206 consilia.

309 3234 372 3294 Lex
397 3232 428 3293 in
458 3250 555 3310 regno
584 3236 629 3294 est
656 3232 722 3295 talis
751 3232 844 3311 quod,
877 3233 902 3296 si
932 3232 1008 3294 latro
1041 3236 1146 3312 captus
1175 3231 1266 3294 iuerit
1293 3236 1322 3294 et
1349 3233 1380 3294 in

308 3320 450 3400 patibulo
488 3337 671 3400 suspensus,
710 3321 881 3384 vicecomes
916 3324 1035 3383 tenetur
1072 3338 1144 3383 eum
1183 3321 1382 3401 personaliter

308 3409 467 3472 custodire
490 3414 580 3472 nocte
604 3427 670 3472 vna.
707 3409 739 3472 Si
755 3427 829 3472 vero
845 3410 964 3473 ablatus
979 3410 1077 3488 fuerit
1101 3409 1272 3472 vicecomes
1287 3414 1380 3474 totam

248 3504 422 3564 nurerram
447 3516 535 3560 suam
559 3499 707 3561 ammittet
730 3502 759 3560 et
781 3499 841 3561 vita
864 3517 921 3562 sua
943 3502 989 3561 est
1011 3499 1042 3560 in
1066 3499 1167 3578 gracia
1190 3499 1279 3578 regis.
1319 3501 1379 3563 lam

308 3605 394 3650 eram
418 3592 517 3650 tecum
547 3586 586 3648 ad
619 3605 667 3648 me
695 3587 935 3651 calefaciendum
963 3592 1000 3663 et,
1031 3606 1101 3650 cum
1133 3606 1252 3651 moram
1280 3593 1379 3652 tecum

307 3676 478 3753 traxissem,
503 3676 580 3737 latro
604 3675 643 3737 de
666 3675 804 3755 patibulo
828 3680 873 3740 est
894 3676 1023 3739 ablatus.
1064 3678 1099 3739 Et
1122 3677 1193 3740 ideo
1209 3677 1259 3740 dei
1276 3697 1381 3743 amore

308 3765 475 3828 consilium
503 3782 522 3827 a
551 3767 581 3826 te
610 3768 689 3844 pet0,
720 3765 793 3844 quia
824 3765 883 3827 iam
915 3783 1032 3844 egenus
1063 3766 1158 3829 iactus
1188 3784 1257 3830 sum
1289 3785 1378 3848 egos

308 3853 362 3915 Ait
385 3852 524 3916 domina:
552 3852 641 3917 „Tibi
665 3853 849 3933 compacior,
874 3853 947 3933 quia
969 3854 1074 3916 omnia
1096 3854 1179 3917 bona
1202 3873 1258 3936 per
1281 3857 1379 3937 legem

247 3958 301 4006 uun
309 3940 438 4004 amisisti
462 3946 491 4004 et
513 3942 574 4004 vita
596 3945 648 4004 tua
670 3943 745 4004 iacet
772 3943 803 4004 in
832 3943 934 4022 gracia
957 3943 1047 4022 regis.
1092 3944 1309 4007 Verumtamen
1334 3947 1381 4011 iac

310 4033 383 4111 post
413 4048 516 4094 meum
547 4031 711 4094 consilium
743 4035 772 4092 et
802 4031 895 4094 nichil
927 4032 967 4094 de
997 4031 1089 4094 bonis
1116 4032 1226 4112 perdes
1257 4051 1314 4096 nec
1341 4035 1380 4099 de

309 4119 373 4182 vita
395 4119 544 4183 timebis¹¹
578 4119 618 4182 nt
632 4119 697 4182 ille:
725 4121 852 4197 vimmo,
876 4119 1033 4197 dominna,
1061 4121 1191 4183 omnino
1214 4122 1379 4188 consilium
