3584 4884
844 451 1087 504 -114-

434 623 516 683 extra
539 619 652 682 ostium
678 637 728 682 me
750 619 878 699 expulit:
904 619 996 696 Vade,
1020 619 1172 699 inquiens,
1196 620 1261 700 lupi
1281 625 1309 683 te
1331 621 1504 699 comedant,

434 708 487 788 qui
523 707 582 770 iam
622 707 732 770 totiens
759 707 923 771 dominum
962 712 1050 770 tuum
1085 709 1239 788 decepisti.
1299 710 1364 789 Ego
1400 715 1503 772 autem

434 797 560 861 evulsus
581 797 621 859 ab
644 814 682 859 eo
706 801 854 876 quantum
880 797 975 860 iaetus
998 801 1043 860 est
1066 797 1184 877 lapidis,
1207 798 1274 878 cepi
1297 798 1442 861 insultare
1465 800 1503 877 ei,

436 886 522 966 quod
538 885 649 948 totiens
664 886 827 966 deceptum
844 886 1020 949 evasissem.
1057 887 1124 966 lpse
1138 904 1214 949 vero
1228 887 1357 949 anulum
1372 906 1501 951 aureum

380 992 421 1038 oro
436 975 476 1038 de
506 975 603 1054 digito
634 974 825 1038 abstrahens:
865 975 957 1052 Tene,
988 975 1037 1052 ait,
1067 993 1125 1055 pro
1156 993 1293 1052 munere,
1323 994 1388 1039 non
1418 972 1501 1038 enim

434 1064 520 1127 decet
541 1069 571 1126 te
593 1083 611 1126 a
633 1067 717 1126 tanto
746 1064 813 1126 viro
844 1063 1005 1126 inmunem
1036 1064 1155 1125 dimitti.
1202 1063 1378 1127 Porrectum
1408 1065 1501 1127 michi

434 1153 561 1215 anulum
593 1153 708 1216 inserui
732 1153 838 1231 digito,
869 1153 1033 1232 statimque
1063 1153 1167 1215 nescio
1198 1154 1314 1232 quibus
1344 1154 1502 1217 maleficiis
1619 1155 1622 1159 ’

435 1246 548 1322 captus,
572 1241 705 1321 cogebar
729 1241 833 1304 eundo
857 1241 1000 1304 clamare:
1030 1242 1105 1304 Ecce
1128 1260 1197 1320 ego,
1220 1260 1289 1304 ecce
1312 1244 1385 1322 ego!
1433 1244 1502 1323 lpse

434 1349 510 1394 vero
533 1348 721 1411 quamquam
746 1348 834 1393 cecus
857 1330 974 1410 prepeti
997 1335 1097 1392 tamen
1114 1348 1205 1392 cursu
1222 1348 1329 1393 vocem
1345 1331 1503 1394 clamantis

380 1435 421 1482 su
436 1437 570 1499 sequens
601 1420 721 1482 minora
748 1437 872 1498 queque
903 1418 1091 1482 transiliebat
1119 1419 1244 1495 arbusti,
1276 1419 1503 1499 offendensque

436 1508 589 1570 interdum
619 1509 751 1588 pedibus
774 1508 861 1587 quasi
890 1507 1025 1586 quedam
1057 1508 1155 1570 moles
1178 1508 1311 1570 maxima
1333 1510 1502 1572 corruebat

436 1599 518 1660 Vero
542 1615 612 1659 cum
634 1598 694 1659 iam
712 1596 804 1660 michi
828 1597 1025 1676 propinquus
1048 1596 1141 1674 lieret,
1166 1615 1223 1659 nec
1245 1615 1305 1676 ego
1327 1616 1345 1659 a
1367 1598 1503 1661 clamore

436 1691 604 1766 temperare
635 1703 766 1766 possem,
799 1703 855 1747 nec
884 1685 1012 1746 anulum
1040 1703 1058 1747 a
1088 1685 1185 1764 digito
1213 1687 1350 1762 evellere,
1379 1691 1503 1749 coactus

437 1792 506 1837 sum
531 1775 632 1855 ipsum
664 1775 794 1854 digitum
826 1792 896 1836 cum
928 1773 1022 1836 anulo
1051 1773 1209 1837 abscidere
1241 1775 1440 1854 proicereque
1470 1776 1501 1837 in

380 1878 423 1925 om
438 1882 518 1926 eum.
557 1863 668 1942 Sicque
690 1863 856 1925 amissione
880 1863 999 1925 menbri
1023 1866 1121 1925 totum
1145 1863 1184 1926 ab
1209 1863 1379 1926 imminenti
1403 1868 1503 1927 morte

435 1953 551 2015 servavi
568 1970 689 2033 corpus.
726 1952 795 2014 lliis
811 1951 899 2014 dictis
916 1946 1019 2031 [158⁶]
1038 1952 1126 2014 latro:
1145 1953 1228 2029 Ecce,
1243 1952 1286 2014 ait
1299 1952 1337 2014 ad
1355 1953 1502 2032 reginam,

436 2041 539 2104 multis
569 2042 623 2104 tibi
659 2041 802 2121 periculis
831 2041 891 2103 sub
920 2058 985 2103 uno
1013 2058 1084 2102 casu
1115 2058 1173 2121 pro
1205 2041 1416 2120 redemptione
1445 2042 1502 2103 tilii

436 2131 570 2207 narratis,
595 2135 624 2192 et
646 2131 724 2192 alios
746 2130 836 2192 etiam
861 2147 920 2209 pro
944 2129 1071 2208 reliquis
1094 2134 1222 2192 eventus
1244 2130 1441 2209 subiungam.

740 2427 792 2494 13.
840 2424 945 2496 desta
969 2429 1199 2498 Romanorum.

902 2533 945 2586 (ed.
960 2532 1035 2585 Dicte.)

810 2716 885 2796 Cap.
913 2724 952 2778 10
978 2716 1037 2794 (BL
1064 2717 1132 2795 Sa).

738 2819 782 2876 De
799 2817 857 2874 tilia
876 2819 906 2874 in
925 2818 1071 2874 venenosis
1090 2819 1200 2874 nutrita.

524 2930 710 2993 Allexander
726 2931 872 3010 regnauit,
898 2930 1031 3009 quierat
1053 2933 1114 2991 tam
1137 2930 1226 2993 tortis
1242 2934 1380 3010 tempore
1399 2949 1458 2994 suo
1474 2935 1504 2993 et

437 3025 553 3101 potens,
585 3020 671 3100 quod
705 3021 809 3082 nullus
836 3038 908 3082 eum
939 3019 1103 3082 deuincere
1134 3019 1240 3098 potuit
1287 3020 1323 3081 Et
1352 3025 1501 3098 quantum

436 3110 475 3172 ad
506 3109 690 3189 sapienciam
722 3109 901 3188 magistmm
925 3107 1111 3171 Aristotilem
1143 3108 1274 3170 babebat
1302 3126 1416 3184 secum,
1447 3109 1502 3187 qui

437 3217 508 3262 eum
532 3199 563 3260 in
588 3199 673 3261 omni
705 3198 852 3278 sapientia
882 3198 1057 3260 instruebat.
1093 3197 1153 3276 (Βί.
1179 3197 1240 3275 Su.)
1278 3196 1502 3259 llecaudiens

401 3308 415 3351 s
438 3287 543 3367 regina
565 3287 720 3366 aquilonis
749 3287 844 3349 liliam
869 3304 956 3349 suam
980 3304 998 3347 a
1019 3289 1158 3366 tempore
1189 3285 1351 3348 natiuitatis
1380 3303 1502 3349 veneno

437 3376 571 3452 nutriuit,
595 3380 717 3438 etcum
741 3375 779 3437 ad
804 3379 912 3437 etatem
936 3374 1112 3454 legittimam
1137 3375 1333 3454 peruenisset,
1357 3378 1419 3437 erat
1440 3379 1500 3436 tam

438 3464 542 3544 pulcra
557 3469 586 3527 et
602 3465 632 3526 in
654 3464 801 3527 omnibus
816 3481 968 3539 amorosa,
993 3463 1032 3525 ita
1055 3463 1141 3542 quod
1165 3463 1253 3526 multi
1277 3480 1332 3543 per
1346 3467 1500 3544 aspectum

437 3553 503 3614 eius
526 3553 661 3614 infatuati
685 3553 816 3615 fuerunt.
852 3551 991 3614 Tandem
1015 3553 1120 3631 regina
1143 3571 1210 3614 eam
1225 3552 1264 3614 ad
1281 3551 1500 3614 Allexandrum

438 3640 527 3717 misit,
557 3645 588 3702 vt
610 3645 689 3704 esset
718 3641 785 3703 eius
808 3641 989 3704 concubina.
1035 3641 1107 3703 Visa
1137 3641 1238 3720 puella
1267 3641 1366 3703 statim
1397 3646 1502 3720 captus

384 3749 410 3792 ιο
437 3729 535 3791 estin
564 3729 630 3791 eius
656 3747 762 3792 amore
792 3733 821 3792 et
847 3729 985 3792 dormire
1008 3747 1078 3791 cum
1103 3748 1138 3791 ea
1161 3729 1293 3793 uolebat
1340 3730 1407 3792 llec
1434 3748 1501 3809 per-

437 3817 553 3896 cipiens
576 3817 719 3896 magister
733 3817 903 3880 Aristotiles
926 3817 1002 3879 dixit
1024 3818 1064 3879 ei:
1092 3818 1214 3887 „Nolite
1234 3818 1304 3880 talia
1318 3821 1501 3897 attemptare,

438 3906 517 3986 quia,
533 3906 558 3969 si
576 3905 713 3983 feceritis,
731 3906 930 3969 incontinenti
945 3905 1129 3983 moriemini,
1146 3924 1184 3969 eo
1200 3906 1287 3986 quod
1304 3906 1369 3986 ipsa
1384 3907 1423 3968 sit
1437 3911 1501 3969 toto

437 3999 574 4075 tempore
597 3995 657 4057 vite
679 4012 734 4058 sue
751 4012 870 4056 veneno
887 3994 1011 4056 nutrita!
1049 3995 1086 4056 Et
1108 3998 1139 4056 vt
1161 4014 1269 4057 vemm
1293 3995 1391 4072 luerit
1415 3995 1501 4074 quod

438 4084 516 4162 dico,
540 4084 638 4147 statim
664 4084 723 4147 boc
746 4083 895 4163 probabo.
941 4083 1001 4144 llic
1024 4082 1217 4160 estquidam
1242 4083 1424 4161 malefactor,
1447 4084 1501 4163 qui

385 4192 411 4236 15
438 4192 493 4253 per
516 4173 613 4252 legem
638 4172 717 4235 mori
741 4171 843 4246 debet;
875 4189 945 4232 cum
970 4187 1005 4231 ea
1034 4169 1174 4246 dormiat,
1205 4176 1234 4233 et
1257 4176 1329 4234 tunc
1350 4172 1501 4249 videbitis,
