3584 4884
818 447 1062 504 -126-

407 622 522 686 domus
544 618 752 695 absconderet,
777 625 806 682 et
829 620 917 682 dixit:
953 620 1104 683 „Tantum
1128 622 1219 698 caput
1240 623 1270 680 et
1291 636 1380 680 crura
1401 636 1473 680 cum

409 710 540 773 brachiis
563 709 593 771 in
625 709 685 770 hoc
715 725 803 772 sacco
834 709 934 788 posui,
966 713 1109 770 truncum
1140 712 1240 769 autem
1271 707 1410 787 corporis
1441 708 1473 768 in

408 803 513 862 nostro
536 797 668 861 stabulo'
680 797 836 878 sepeliui.u
872 797 942 859 Hiis
957 797 1045 860 dictis
1060 795 1278 878 aliquantulam
1295 795 1473 876 peccuniam

353 907 394 952 uo
409 889 436 950 ei
460 886 600 964 ostendit,
623 904 659 948 ac
681 885 706 948 si
731 885 813 948 illam
838 886 1002 966 peregrino
1026 889 1149 948 mortuo
1171 884 1352 948 abstulisset
1390 884 1473 947 Cum

407 981 507 1040 autem
532 975 598 1038 dies
620 974 747 1052 adesset,
770 979 802 1037 vt
818 974 949 1038 domino
972 992 1031 1037 suo
1051 992 1085 1036 se
1108 977 1299 1054 presentaret,
1322 973 1474 1053 accipiens

407 1065 561 1128 adextris
590 1081 696 1126 canem
725 1069 754 1125 et
784 1081 916 1143 puerum
947 1081 1038 1126 suum
1071 1080 1201 1142 paruum
1235 1062 1266 1124 in
1298 1063 1417 1142 gremio
1445 1067 1475 1124 et

408 1171 534 1217 uxorem
557 1170 644 1216 suam
661 1151 823 1216 asinistris
838 1152 994 1231 simulque
1017 1152 1218 1231 pulc(r)inum
1242 1151 1406 1232 paruulum
1430 1152 1475 1213 ire

408 1243 495 1323 cepit.
531 1241 676 1321 Cumque
692 1245 790 1304 castro
806 1240 927 1304 domini
950 1241 998 1304 sui
1021 1241 1223 1321 appropiaret,
1247 1240 1387 1303 dextrum
1404 1258 1475 1303 crus

353 1351 394 1397 trs
410 1349 502 1412 supra
525 1331 654 1394 dorsum
678 1330 836 1410 pulctrhni
859 1330 908 1392 sui
931 1329 1024 1392 velud
1048 1329 1188 1409 equitans
1211 1330 1314 1408 posuit
1337 1329 1367 1390 in
1387 1330 1475 1391 terris

408 1439 463 1502 per
500 1420 628 1482 alterum
663 1418 843 1498 gradiendo,
881 1419 988 1497 sicque
1026 1418 1166 1498 pedester
1202 1417 1242 1480 ed
1276 1422 1406 1480 castrum
1445 1423 1476 1480 et

409 1510 468 1589 (Βὶ.
499 1509 583 1587 39ν.)
619 1508 733 1570 curiam
769 1507 960 1570 subintrauit
1014 1507 1089 1581 Quo
1123 1507 1191 1569 viso
1226 1507 1369 1586 princeps
1402 1525 1473 1570 curn

408 1597 575 1661 astantibus
591 1596 765 1658 mirabatur.
800 1595 851 1658 Ait
873 1596 900 1658 ei
926 1596 1082 1676 princeps:
1109 1595 1187 1660 ‚vbi
1212 1600 1257 1658 est
1271 1595 1388 1658 amicus
1403 1600 1475 1658 tuus

408 1687 648 1750 fidelissimus?¹¹
686 1685 751 1759 Qui
774 1686 873 1748 statim
897 1685 1036 1763 gladium
1060 1702 1152 1747 suum
1176 1685 1344 1763 euaginans
1366 1703 1473 1747 canem

354 1793 501 1840 rensuum
526 1775 557 1838 in
581 1778 745 1854 conspectu
770 1774 911 1837 omnium
927 1773 1107 1837 vulnerabat
1128 1772 1167 1835 ad
1191 1773 1382 1853 probandam
1403 1793 1475 1836 vere

409 1865 482 1928 lidei
506 1864 676 1945 puritatem.
723 1863 881 1937 Quicum
907 1863 1049 1925 clamaret
1071 1867 1101 1924 et
1130 1862 1249 1941 lugeret
1279 1881 1333 1942 pre
1355 1862 1474 1941 dolore,

409 1955 510 2034 ipsum
535 1953 640 2016 denuo
664 1952 832 2025 reuocauit;
864 1969 997 2030 cumque
1028 1951 1201 2014 claudicans
1232 1956 1260 2013 et
1288 1952 1475 2030 sanguinans

409 2046 561 2119 remearet,
593 2042 633 2104 ait
656 2042 756 2104 miles:
790 2042 894 2116 „Eece
926 2040 1062 2117 domine,
1093 2040 1227 2102 amicum
1258 2039 1473 2103 fidelissimum

409 2131 483 2193 duxi
516 2132 672 2193 mecum!u
722 2129 782 2192 Cui
811 2130 874 2192 ille:
913 2129 991 2194 „vbi
1021 2134 1067 2192 est
1097 2129 1246 2192 ioculator
1275 2130 1387 2192 tuus?t
1436 2130 1476 2191 At

354 2237 395 2283 ras
411 2219 461 2282 ille
477 2219 641 2300 paruulum
658 2219 757 2280 lilium
773 2236 865 2281 suum
881 2219 909 2280 ei
926 2218 1060 2281 ostendit
1073 2217 1192 2280 dicens:
1212 2218 1315 2295 „Ecce
1332 2217 1473 2281 domine!

410 2309 482 2371 Non
506 2311 551 2370 est
580 2307 728 2370 ioculator
755 2308 786 2368 in
811 2308 939 2382 mundo,
970 2307 1024 2386 qui
1055 2311 1171 2369 tantum
1202 2306 1350 2370 solacium
1381 2308 1474 2370 michi

409 2397 552 2472 conterat,
576 2395 654 2458 sicut
676 2395 802 2475 quando
826 2395 925 2458 lilium
943 2414 1046 2457 meum
1063 2400 1132 2458 ante
1148 2414 1197 2457 me
1221 2395 1327 2458 ludere
1349 2395 1471 2459 video!

411 2485 492 2548 Dicit
522 2485 549 2546 ei
577 2485 733 2564 princeps:
768 2484 846 2548 „Vbi
877 2489 922 2547 est
954 2484 1097 2547 inimicus
1126 2486 1238 2547 tuus?¹¹
1280 2483 1344 2558 Qui
1375 2486 1474 2547 statim

408 2574 526 2653 alapam
550 2573 637 2635 vxori
661 2591 716 2635 sue
746 2571 831 2635 dedit
853 2573 972 2635 dicens:
1008 2573 1134 2647 „Quare
1163 2578 1196 2635 tu
1227 2577 1288 2635 tam
1319 2573 1475 2653 impudice

354 2681 395 2726 cao
410 2662 573 2726 dominum
605 2680 709 2724 meum
740 2679 844 2740 regern
876 2662 1043 2725 intuerish·
1093 2663 1145 2724 llla
1173 2662 1271 2725 statim
1304 2663 1474 2742 respondit:

412 2751 462 2819 „O
502 2750 660 2813 maledicte
703 2750 872 2827 homicida,
918 2769 1013 2830 quare
1058 2770 1108 2813 me
1150 2751 1304 2832 percutis?
1361 2752 1476 2814 Nonne

410 2841 441 2902 in
465 2839 561 2903 domo
584 2844 636 2902 tua
663 2840 788 2920 propria
811 2839 1006 2902 lamentabile
1038 2840 1240 2902 homicidium
1276 2841 1474 2920 perpetrasti?

410 2929 521 2992 lludite
560 2948 625 3007 me,
672 2928 813 2992 domine!
866 2930 928 2991 Pro
967 2929 1089 2992 modica
1131 2929 1278 3009 peccunia
1318 2929 1473 3008 quendam

410 3037 575 3100 pauperem
626 3018 822 3098 peregrinum
872 3017 1010 3082 occiditu
1082 3017 1178 3091 Quod
1222 3018 1309 3081 miles
1346 3017 1475 3081 audiens

355 3126 396 3172 ur
410 3109 519 3170 iterum
554 3108 671 3187 alapam
707 3107 734 3170 ei
769 3106 854 3169 dedit
885 3106 1004 3169 dicens:
1046 3106 1097 3172 „0
1132 3107 1302 3185 maledicta,
1333 3125 1389 3169 cur
1421 3107 1475 3168 lal-

409 3215 478 3259 sum
502 3197 617 3259 crimen
642 3196 802 3276 inpingere
826 3214 889 3258 non
914 3195 1105 3258 formidas?⁶
1150 3195 1222 3269 Que
1245 3196 1344 3258 statim
1368 3196 1475 3258 liuoris

410 3290 439 3348 et
476 3285 633 3348 iracundie
669 3285 788 3348 facibus
827 3285 1016 3347 inflammata
1052 3303 1157 3347 coram
1195 3285 1342 3347 omnibus
1379 3284 1475 3347 excla-

411 3374 516 3436 mauit:
551 3373 685 3451 „Venite
724 3378 754 3436 et
784 3373 944 3436 ostendam
971 3373 1062 3436 vobis
1089 3373 1201 3450 locum,
1233 3374 1264 3435 in
1291 3391 1356 3452 quo
1383 3373 1475 3436 occisi

410 3466 500 3542 caput
537 3466 567 3524 et
604 3481 692 3524 crura
731 3466 760 3524 et
798 3463 922 3524 brachia
968 3462 1121 3542 sepeliuit,
1167 3467 1196 3525 et
1229 3462 1399 3539 stabulum,
1443 3463 1475 3523 in

355 3568 395 3612 uo
411 3568 475 3629 quo
505 3555 646 3612 truncum
679 3551 818 3630 corporis
851 3551 1021 3630 sepeliuitu
1071 3552 1138 3614 Hec
1175 3551 1218 3612 illi
1249 3551 1406 3613 audientes
1435 3551 1475 3613 ad

410 3638 602 3718 probandam
627 3639 670 3700 rei
697 3639 851 3702 veritatem
878 3639 918 3701 ad
946 3639 1120 3719 hospicium
1143 3640 1247 3702 militis
1270 3645 1475 3720 perrexerunt

411 3727 595 3790 Precurrens
640 3731 741 3789 autem
777 3727 888 3790 mulier
933 3728 1089 3791 cellarium
1128 3729 1269 3809 apperuit
1306 3733 1335 3791 et
1372 3729 1474 3791 locum

410 3815 549 3892 ostendit
573 3816 605 3877 in
629 3833 693 3895 quo
709 3833 815 3878 saccus
837 3834 908 3878 cum
932 3817 1068 3879 vitulinis
1090 3818 1235 3880 carnibus
1257 3821 1303 3880 est
1324 3817 1475 3880 defossus.

410 3903 473 3978 Qui
509 3903 629 3967 concito
664 3904 847 3967 effodientes
884 3904 958 3968 visis
996 3905 1140 3968 carnibus
1176 3910 1360 3985 stupuerunt
1395 3910 1475 3968 astu-

356 4011 396 4056 uo
412 3993 550 4072 clamque
575 3993 677 4056 militis
707 3997 928 4072 cognoscentes
958 3994 1062 4073 dignis
1092 3994 1194 4073 ipsum
1226 3994 1369 4057 laudibus
1391 3999 1476 4057 extu-

411 4083 517 4144 lerunt
557 4081 621 4156 Qui
646 4088 751 4162 postea
766 4099 824 4145 suo
840 4081 972 4145 domino
988 4082 1127 4163 specialis
1150 4083 1328 4146 dileccionis
1351 4083 1476 4146 vinculo

410 4175 454 4234 est
476 4188 621 4233 annexus.
