3584 4884
683 499 924 550 —lll-

263 667 468 731 insidiabatur
490 674 521 731 et
543 685 759 749 quoscumque
789 667 847 730 sibi
872 667 995 730 fortuna
1018 667 1178 731 obtulisset
1200 665 1335 744 adversa,

264 757 490 836 cuiuscumque
525 762 626 821 essent
660 756 845 819 conditionis
876 757 923 819 vel
954 774 1057 832 sexus,
1094 757 1187 820 rebus
1217 759 1246 818 et
1275 757 1337 819 vita

215 847 384 926 arabsque
420 846 483 909 ulla
515 845 723 910 misericordia
753 845 912 925 spoliabat.
967 847 999 907 ln
1032 846 1088 907 hac
1118 863 1193 925 ergo
1225 846 1338 909 malitia

265 941 328 998 tota
361 935 425 997 vita
460 953 515 998 sua
550 953 650 1014 usque
681 934 721 997 ad
755 937 940 997 senectutem
971 938 1131 1011 transacta,
1170 952 1241 997 cum
1276 935 1336 997 iarn

266 1024 411 1086 immensi
439 1025 506 1086 auri
535 1029 564 1086 et
593 1024 710 1103 argenti
734 1024 832 1103 copiis
855 1024 914 1086 sibi
939 1023 1017 1086 male
1047 1024 1203 1104 acquisitis
1225 1023 1337 1088 ditatus

265 1117 352 1190 esset,
389 1113 491 1176 sciens
522 1113 615 1176 nichil
647 1111 822 1192 inpunitum
854 1113 933 1189 iore,
969 1113 1125 1192 nichilque
1155 1112 1241 1192 quod
1272 1131 1335 1177 non

265 1203 420 1265 reveletur
443 1202 606 1279 occultum,
630 1200 779 1281 quodque
803 1218 866 1264 non
883 1201 998 1264 diutius
1013 1203 1162 1282 glorietur
1176 1202 1208 1263 in
1225 1201 1338 1264 malitia

216 1307 252 1354 aso
267 1295 377 1371 potens
402 1291 568 1370 iniquitate,
600 1290 673 1352 huic
695 1289 817 1352 tandem
840 1307 910 1352 sero
938 1308 1030 1370 prave
1059 1291 1242 1353 renuntiavit
1264 1310 1337 1354 con-

265 1379 438 1457 suetudini,
474 1380 626 1459 reliquum
658 1379 718 1441 vite
748 1397 803 1440 sue
833 1378 864 1440 in
899 1378 1056 1442 honestate
1090 1385 1119 1441 et
1153 1379 1338 1443 emulatione

265 1469 414 1530 virtutum
438 1468 565 1531 ducens.
609 1469 678 1530 Erat
701 1467 816 1530 cunctis
839 1468 995 1544 miraculo,
1020 1469 1105 1547 quod
1129 1473 1190 1530 tarn
1214 1473 1338 1549 repente

266 1557 379 1637 pellem
405 1560 552 1620 mutasset
576 1557 711 1636 Ethiops,
743 1560 772 1618 et
799 1556 913 1635 pardus
943 1556 1176 1620 diversicolores
1204 1558 1338 1620 maculas

266 1646 467 1708 abstersisset
514 1646 613 1708 Porro
636 1663 706 1708 cum
730 1645 768 1707 ad
792 1644 976 1725 decrepitam
1008 1647 1195 1726 pervenisset
1222 1650 1337 1723 etatem,

218 1751 254 1798 su
267 1739 327 1798 tres
357 1735 444 1798 filios
474 1751 549 1798 suos
580 1753 617 1797 ex
651 1751 747 1797 uxore
781 1739 940 1814 succeptos
973 1734 1209 1811 honestioribus,
1244 1753 1337 1815 quarn

268 1917 297 1974 et
320 1912 507 1992 multiplices
538 1912 700 1993 proposuit
726 1916 811 1988 artes,
845 1912 1011 1975 libertatem
1040 1913 1177 1976 tribuens
1205 1912 1338 1993 eligendi

267 2002 335 2078 sibi,
368 2020 464 2081 quam
488 2002 558 2080 quis
582 2001 671 2063 vellet
698 2019 769 2063 cum
798 2002 883 2064 tertia
906 2000 1062 2063 dumtaxat
1090 2020 1145 2065 sue
1172 2001 1340 2065 substantie

268 2091 422 2170 portione.
470 2089 534 2168 Qui
558 2107 662 2153 secum
691 2089 796 2152 habito
819 2090 959 2167 consili0,
990 2090 1106 2153 nullam
1130 2096 1224 2153 artem
1248 2091 1338 2153 aliam

218 2198 254 2244 aro
268 2198 363 2260 quam
388 2197 466 2257 earn,
496 2197 558 2260 qua
581 2183 666 2259 pater
692 2178 745 2242 illo
774 2197 872 2258 usque
900 2179 1022 2256 vixerat,
1052 2197 1087 2242 se
1114 2180 1247 2260 recipere
1274 2197 1339 2242 uno

268 2287 322 2332 ore
338 2267 542 2348 respondunt.
582 2267 707 2342 Quibus
724 2271 820 2348 pater:
845 2267 1013 2345 Quoniam,
1037 2268 1145 2348 inquit,
1168 2269 1213 2332 sic
1228 2268 1341 2349 placuit

268 2358 368 2435 vobis,
402 2361 436 2421 ut
458 2357 559 2420 relicta
582 2357 738 2419 honestate
761 2374 930 2435 securaque
953 2357 1001 2418 via
1023 2357 1062 2419 ad
1087 2357 1247 2435 sinistram,
1278 2376 1339 2437 que

268 2447 354 2510 ducit
377 2447 417 2508 ad
442 2446 604 2521 interitum,
635 2445 715 2508 viam
747 2445 890 2526 periculis
920 2445 1084 2522 subditam,
1115 2446 1155 2508 de
1184 2465 1245 2526 que
1276 2446 1340 2510 fere

271 2535 375 2615 [157⁶]
402 2535 477 2597 nulli
499 2534 598 2597 redire
614 2534 718 2596 datum
735 2538 787 2611 est,
812 2535 974 2597 unanimes
996 2533 1195 2612 declinaretis,
1219 2535 1339 2598 utimini

219 2642 256 2688 sss
270 2624 422 2688 electione
452 2627 557 2702 vestra,
593 2641 689 2686 novas
719 2623 809 2686 vobis
840 2623 961 2686 divitias
991 2623 1156 2687 latrociniis
1183 2643 1253 2687 curn
1281 2625 1340 2686 vite

269 2713 411 2794 periculo
445 2713 504 2775 sub
542 2717 608 2776 estu
642 2712 717 2777 solis
756 2713 937 2793 hyemisque
971 2712 1086 2792 frigore
1117 2713 1340 2794 conquirentes,

268 2802 422 2883 quoniam
446 2801 554 2864 harum
578 2819 655 2881 quas
685 2802 785 2865 habeo
814 2801 977 2864 divitarum
1008 2802 1269 2865 nullusvestrum
1292 2801 1340 2864 vel

269 2890 475 2972 quadrantem
515 2890 647 2954 habebit.
707 2892 925 2954 Verumtamen
964 2890 1072 2968 sciatis,
1111 2891 1197 2970 quod
1237 2890 1341 2971 paucis

269 2979 367 3042 huius
390 2979 439 3040 vie
462 2979 659 3042 sectatoribus
682 2979 760 3042 felici
785 2980 864 3042 exitu
885 2978 1021 3059 gaudere
1043 2980 1166 3042 fortuna
1190 2979 1341 3059 permittit

219 3087 255 3132 sro
270 3068 333 3132 Sed
360 3067 412 3130 illa
427 3068 648 3130 ammonitione
664 3069 756 3148 patris
772 3069 939 3132 contemtui
960 3069 1070 3146 habita
1094 3074 1183 3132 nocte
1202 3068 1341 3148 sequenti

269 3174 399 3236 equum,
424 3174 488 3235 quo
508 3157 614 3236 regina
629 3157 804 3235 vehebatur,
829 3158 915 3220 omni
940 3158 1006 3220 fore
1030 3159 1128 3238 pretio
1152 3158 1341 3238 incompara-

269 3246 367 3308 bilem
392 3245 449 3307 hac
471 3249 533 3306 arte
555 3245 643 3307 furati
660 3250 738 3308 sunt.
782 3246 984 3326 Collegerunt
999 3247 1101 3324 herbe,
1125 3265 1217 3326 quam
1234 3265 1341 3308 ervum

268 3351 430 3411 vocamus,
454 3333 640 3411 fasciculum,
663 3333 822 3396 audierant
837 3335 920 3397 enirn
944 3353 1059 3415 equum
1084 3336 1170 3398 illum
1194 3336 1261 3398 talis
1276 3353 1343 3398 esse

271 3428 391 3499 nature,
427 3421 520 3502 quod·
544 3439 637 3484 omne
666 3423 770 3502 pabuli
802 3442 909 3503 genus,
945 3424 1001 3487 hac
1023 3429 1155 3504 excepta,
1188 3424 1341 3500 fastidiret,

219 3529 256 3576 sm
272 3513 463 3590 fratremque
491 3527 583 3572 suum
615 3511 767 3574 iuniorem
792 3513 822 3574 in
854 3512 949 3575 herba
978 3515 1164 3576 absconsum
1195 3518 1281 3576 caute
1303 3512 1341 3575 ad

271 3602 378 3664 forum
403 3617 505 3661 rerum
528 3599 682 3662 venalium
707 3601 785 3664 circa
800 3619 963 3682 vesperum
987 3603 1074 3682 quasi
1098 3603 1341 3665 venundandum

270 3688 457 3752 detulerunt.
511 3689 587 3751 Ecce
618 3693 719 3751 autem
754 3694 856 3753 custos
891 3691 963 3770 equi
1000 3709 1086 3754 more
1116 3691 1207 3754 solito
1238 3692 1342 3755 forum

270 3777 485 3854 deambulans,
516 3777 575 3840 hos
605 3797 675 3840 cum
706 3778 851 3841 fasciculo
881 3797 940 3842 suo
970 3780 1110 3860 repperit,
1142 3781 1343 3860 nesciensque

272 3869 367 3929 latere
400 3866 522 3945 dolum,
557 3867 630 3930 emit
665 3868 804 3944 herbam,
840 3868 987 3948 imposuit
1022 3869 1171 3946 humeris,
1210 3870 1276 3932 tulit
1311 3870 1342 3930 in

219 3974 257 4021 sav
273 3955 440 4034 stabulum,
463 3956 609 4036 apposuit
630 3973 721 4036 equ0,
752 3961 914 4036 seratoque
938 3957 1046 4019 iterum
1071 3957 1151 4034 ostio
1174 3957 1341 4021 dormitum

271 4045 355 4108 abiit
387 4043 477 4108 Circa
493 4043 627 4107 mediam
643 4049 744 4106 autem
762 4049 890 4123 noctem,
907 4045 1034 4126 quando
1050 4047 1150 4108 cuncti
1169 4046 1342 4108 mortalium
1455 4040 1459 4044 ’

272 4134 406 4214 graviori
431 4134 532 4198 solent
559 4151 673 4196 somno
697 4133 836 4214 deprimi,
867 4151 1007 4212 surgens,
1038 4135 1091 4213 qui
1116 4134 1205 4195 viridi
1235 4133 1344 4195 latebat

272 4223 384 4304 anguis
400 4223 431 4287 in
448 4223 554 4301 herba,
579 4239 661 4302 equo
677 4223 798 4285 frenum
821 4223 943 4302 inponit
956 4241 1092 4298 aureum,
1117 4222 1222 4283 sternit
1236 4221 1343 4298 serico,
