3584 4884
819 470 1063 527 -206—

411 660 514 721 nosce,
544 648 574 707 et
596 642 782 708 liberaberis
828 642 892 717 Qui
923 643 965 706 ait
986 644 1073 724 quod
1104 643 1236 708 ballivus
1265 644 1392 708 duxerat
1421 662 1475 708 eos

411 731 451 795 de
473 736 562 796 nocte
576 732 616 795 ad
636 732 756 795 foveam
773 732 886 795 mortui
906 732 994 812 cuius
1010 731 1106 795 iuerat
1120 732 1208 796 vinea
1215 754 1224 811 ;
1251 738 1287 812 et,
1311 733 1475 799 exhumato

356 839 398 886 uo
412 838 552 902 corpore,
586 820 718 885 ballivus
750 821 865 901 accepit
899 838 1009 885 manus
1042 822 1116 901 ejus,
1151 822 1270 886 dicens:
1303 823 1369 902 Ego
1403 840 1475 885 emo

412 910 532 974 vineam
556 914 639 973 biam
662 909 722 973 sub
745 910 921 974 testimonio
945 910 1082 989 istorum,
1106 910 1164 974 isto
1180 911 1288 991 pretio.
1323 912 1359 974 Et
1374 911 1477 992 posuit

412 999 573 1080 pecuniam
602 1016 697 1080 super
723 1002 836 1080 pectus,
867 998 1028 1061 etiterum
1057 999 1228 1079 reportavit,
1260 1004 1289 1063 et
1311 1000 1343 1062 in
1365 1005 1476 1063 terram

413 1089 521 1151 iterum
545 1092 757 1168 reposuerunt
802 1088 890 1151 Tunc
914 1106 966 1151 rex
981 1088 1100 1151 vocavit
1121 1088 1224 1166 alium,
1247 1088 1302 1169 qui
1318 1089 1378 1152 hoc
1393 1088 1475 1153 idem

414 1177 600 1257 recognovit
646 1176 830 1241 Concordes
850 1177 952 1257 jurare
973 1176 1126 1256 iudicavit,
1150 1180 1187 1255 et,
1211 1178 1332 1258 penitus
1355 1178 1477 1240 veritate

358 1285 398 1333 rso
414 1266 576 1347 recognita,
599 1266 747 1330 ballivum
770 1266 870 1329 statim
892 1264 1040 1347 suspendi
1063 1265 1141 1343 lecit,
1164 1270 1194 1329 et
1208 1266 1328 1329 vineam
1351 1266 1478 1330 restituit

412 1354 542 1433 mulieri,
565 1372 626 1435 que
650 1355 681 1417 in
705 1358 804 1418 morte
826 1372 892 1417 eam
918 1354 1028 1435 legavit
1050 1354 1123 1434 regi.
1172 1354 1235 1424 Rex
1257 1360 1358 1418 autem
1384 1355 1418 1417 ‘in
1441 1372 1477 1417 ea

411 1443 557 1597 {aegeltiam
581 1443 716 1507 edificari
744 1443 815 1507 iecit
836 1448 866 1507 et
887 1443 1010 1521 dotavit,
1038 1448 1068 1507 et
1094 1444 1216 1507 cuidam
1246 1444 1394 1525 nepotulo
1417 1460 1476 1507 suo

475 1552 484 1596 ι

801 1658 828 1720 s.
869 1656 923 1737 l=
947 1656 977 1721 s.
1001 1656 1085 1737 aaa]

502 1800 585 1865 ldem
618 1800 682 1881 [rex
706 1799 877 1880 Philippus]
915 1798 1046 1863 habebat
1068 1816 1233 1880 pauperem
1257 1799 1400 1863 clericum
1421 1800 1476 1880 qui

358 1910 399 1957 rso
414 1890 510 1971 pedes
542 1890 727 1970 sequebatur
760 1888 906 1969 capellam
940 1906 1037 1951 suam.
1084 1888 1120 1951 Et
1148 1887 1282 1968 quadam
1311 1887 1370 1966 die,
1404 1907 1476 1953 curn

412 1983 531 2043 vacaret
553 1997 625 2043 eura
649 1977 844 2054 Peronensis,
870 1996 934 2057 que
956 1976 1035 2039 valet
1061 1976 1139 2040 circa
1162 1976 1345 2057 quingentas
1375 1977 1477 2056 libras,

412 2072 442 2133 et
463 2067 564 2133 elerici
588 2068 635 2131 sui
659 2066 819 2131 diiierrent
840 2066 868 2129 ei
892 2065 992 2129 dicere
1015 2082 1114 2145 usque
1130 2070 1200 2146 post
1214 2066 1388 2148 prandium,
1411 2084 1477 2147 quo

412 2162 550 2238 ternpore
573 2156 671 2236 magis
694 2157 772 2220 letus
794 2160 865 2233 erat,
888 2154 940 2218 ille
958 2154 1085 2218 clericus
1101 2172 1225 2235 pauper,
1248 2153 1356 2218 videns
1371 2172 1476 2234 regem

411 2247 513 2311 solnm
537 2246 569 2309 in
592 2245 715 2327 capella,
738 2262 808 2308 curn
832 2248 977 2323 surgeret,
1000 2243 1053 2307 ait:
1078 2243 1222 2321 Domine,
1245 2243 1403 2324 quoddam
1421 2244 1474 2307 be-

358 2354 399 2400 ron
415 2335 559 2398 neiicinm
587 2338 671 2397 vacat
699 2333 783 2415 apud
812 2334 977 2411 Peronam;
1009 2350 1066 2413 pro
1091 2332 1169 2409 Deo,
1200 2332 1361 2397 conferatis
1390 2332 1477 2395 mihi.

414 2423 510 2499 Quod
531 2422 726 2499 beneficium,
757 2422 865 2502 inquit,
899 2423 965 2485 est?
1001 2420 1171 2501 Respondit
1201 2421 1263 2484 ille:
1293 2420 1358 2495 Qui
1386 2421 1478 2485 habet

413 2512 489 2575 illud
505 2512 607 2574 firmat
621 2511 706 2589 ostia,
730 2511 830 2591 pulsat
844 2528 1015 2591 campanas.
1062 2510 1211 2589 Libenter,
1230 2510 1338 2589 inquit
1354 2510 1477 2573 habebo

412 2601 585 2665 consillum.
635 2599 685 2663 nd
708 2599 794 2679 quod
817 2599 957 2663 clericus:
999 2598 1031 2663 Si
1054 2598 1171 2663 habetis
1194 2598 1366 2676 consilium,
1397 2616 1477 2661 nun-

414 2708 507 2771 quam
532 2690 663 2753 habebo.
687 2724 712 2733 -
740 2689 776 2751 Et
797 2692 876 2752 certe
900 2688 975 2752 nolo
998 2688 1111 2751 habere
1133 2687 1173 2751 de
1192 2692 1304 2766 cetero,
1326 2688 1381 2750 tibi
1404 2705 1477 2751 oon-

359 2798 400 2846 1ao
414 2780 500 2847 cedo.
557 2779 631 2843 Post
660 2778 824 2860 prandium
853 2776 1068 2841 accedentibus
1098 2776 1215 2841 clericis
1244 2780 1274 2839 et
1296 2776 1476 2857 petentibus,

413 2869 572 2951 respondit
599 2887 632 2933 se
654 2867 776 2932 dedisse
798 2867 909 2931 clerico
932 2866 991 2929 tali.
1045 2866 1281 2946 Responderunt
1302 2865 1388 2946 quod
1411 2882 1475 2929 non

413 2964 476 3023 erat
504 2963 593 3040 aptus
622 2957 661 3021 ad
691 2957 749 3021 tale
779 2956 974 3034 beneficium,
1013 2954 1169 3035 quoniam,
1213 2954 1364 3035 inquiunt,
1398 2954 1477 3017 valet

414 3049 598 3129 quingentas
620 3048 713 3111 libras
736 3047 783 3110 vel
806 3046 892 3109 circa
913 3045 1070 3108 --Verum
1086 3043 1162 3106 dixit
1178 3043 1266 3106 mihi:
1289 3043 1315 3107 si
1332 3043 1476 3106 haberem

414 3138 586 3215 consilium,
610 3154 673 3199 non
691 3137 827 3200 haberet:
850 3134 904 3197 sed
921 3152 1013 3197 suurn
1029 3136 1081 3197 est
1128 3133 1163 3195 Et
1179 3132 1236 3196 tuit
1251 3132 1355 3195 valens
1371 3132 1477 3196 homo.

794 3284 822 3341 ⁶.
871 3278 924 3357 [=
948 3276 978 3341 s.
1003 3276 1087 3357 am]

359 3425 400 3470 no
505 3404 580 3485 Regi
598 3403 743 3484 Philippo
762 3402 846 3466 eunti
867 3420 922 3483 per
936 3401 1017 3465 viam
1039 3400 1174 3465 obviavit
1188 3399 1314 3481 quidam
1330 3397 1476 3476 ribaldus

413 3500 443 3558 et
472 3495 556 3575 petiit
584 3492 793 3569 elemosinam,
828 3491 902 3571 quia
936 3494 998 3553 erat
1027 3494 1174 3569 cognatus
1208 3489 1282 3569 ejus.
1340 3488 1384 3550 Ex
1407 3504 1476 3567 qua,

414 3584 521 3663 inquit,
545 3583 650 3663 parte?
675 3580 857 3661 Respondit:
882 3580 931 3642 De
946 3578 1053 3641 Adam.
1101 3579 1157 3657 Da,
1174 3576 1280 3659 inquit,
1295 3576 1323 3639 ei
1338 3576 1477 3640 obolum

415 3670 597 3752 Respondit:
621 3671 694 3733 Non
718 3669 837 3732 donum
861 3668 991 3748 regium.
1037 3667 1068 3731 Si
1092 3671 1218 3745 tanturn,
1242 3665 1349 3745 inquit,
1372 3665 1477 3727 darem

413 3760 537 3825 cuilibet
562 3758 720 3838 attingenti
744 3757 819 3820 milri
842 3756 883 3819 de
906 3774 1017 3837 genere
1040 3775 1078 3819 ex
1101 3756 1157 3819 ista
1178 3760 1270 3837 parte,
1300 3753 1377 3816 nihil
1401 3752 1476 3815 milri

359 3870 400 3917 ul
416 3852 592 3915 remaneret

504 3937 587 4003 ldem
623 3935 698 4017 [rex]
747 3935 873 3999 clericos
921 3951 1071 4015 pauperes
1107 3931 1239 3996 habebat
1277 3932 1308 3994 in
1343 3930 1476 4011 quadam

415 4047 521 4093 mensa
550 4044 654 4093 coram
687 4042 730 4089 se.
789 4025 826 4086 Et
857 4024 967 4087 videns
1001 4023 1032 4085 in
1067 4022 1130 4084 line
1160 4038 1265 4085 mense
1300 4037 1396 4082 unum
1424 4018 1477 4081 de-

414 4121 579 4199 ponentem
602 4132 761 4196 caponem,
783 4112 867 4192 apud
890 4130 924 4174 se
938 4111 1057 4173 vocavit
1077 4110 1108 4171 in
1124 4113 1248 4185 secreto,
1272 4109 1476 4187 interrogans:

414 4205 517 4282 Quam
533 4204 689 4268 scientiam
705 4200 840 4265 auditis?
862 4199 926 4261 Ait:
950 4198 1161 4275 Theologiam.
1186 4230 1211 4239 -
1236 4196 1350 4259 Nonne
1367 4195 1479 4259 dicitur
