3584 4884
688 464 931 517 -121-

637 652 711 732 Cap.
738 655 775 716 57
808 653 867 732 (Bl.
893 652 986 731 22r.).

587 753 631 809 De
648 770 711 825 rege
729 758 883 825 serpentem
902 753 1036 810 soluente.

361 883 491 962 Legitur
507 884 547 946 de
563 883 699 963 quodam
716 883 907 964 imperatore,
928 883 982 962 qui
997 901 1016 945 a
1030 900 1102 946 casu
1118 900 1174 963 per
1188 881 1342 962 quandam

277 971 379 1033 siluam
412 972 545 1050 transiit,
579 973 696 1035 inuenit
725 977 896 1054 serpentem
921 991 939 1035 a
967 972 1141 1052 pastoribus
1171 977 1291 1051 captum
1316 976 1345 1034 et

277 1059 311 1122 ad
333 1061 484 1124 arborem
508 1061 674 1140 alligatum.
705 1061 769 1135 Qui
794 1061 902 1141 pietate
925 1066 1028 1124 motus
1051 1079 1122 1122 eum
1145 1060 1239 1123 soluit
1261 1065 1290 1122 et
1312 1061 1343 1122 in

233 1149 265 1192 'ff
278 1149 341 1211 sinu
358 1151 536 1213 oelefacere
559 1151 635 1213 fecit.
674 1149 756 1213 Cum
773 1154 851 1213 esset
866 1149 1034 1225 calefactae,
1059 1148 1171 1229 incepit
1193 1148 1343 1211 mordere

276 1237 321 1300 Ait
336 1238 521 1318 imperator:
549 1238 655 1312 „Quid
670 1239 766 1302 iacis?
798 1238 864 1302 Cur
880 1239 994 1300 malurn
1011 1256 1069 1317 pro
1085 1239 1172 1301 bono
1196 1237 1340 1300 reddis?t

276 1327 321 1387 Ait
342 1345 490 1408 serpens:
524 1327 640 1401 „Quod
669 1332 775 1390 natura
797 1327 889 1405 dedit,
921 1345 1015 1390 nemo
1040 1327 1099 1406 (Bt.
1125 1327 1213 1402 2211.)
1237 1327 1344 1389 tollere

276 1419 377 1494 potest.
444 1418 483 1478 Et
521 1416 592 1478 ideo
631 1416 801 1479 secundum
841 1421 979 1479 naturam
1018 1415 1125 1478 facio.u
1189 1415 1253 1489 Qui
1291 1416 1344 1478 ait:

153 1537 156 1546 Δ
280 1505 421 1567 „Bonum
455 1506 513 1568 tibi
544 1505 609 1581 feci,
641 1510 669 1568 et
697 1505 772 1567 illud
804 1506 895 1567 michi
930 1505 1008 1567 male
1039 1505 1164 1567 soluis.‘¹
1213 1505 1274 1567 lllis
1301 1505 1345 1567 sic

233 1590 265 1635 ²⁴⁰
278 1593 538 1656 contendentibus
567 1598 692 1657 vocatus
723 1599 767 1656 est
801 1594 929 1674 quidam
960 1594 1174 1674 philosophus,
1206 1597 1238 1655 vt
1267 1598 1345 1656 esset

277 1681 372 1759 iudex,
405 1684 489 1746 etei
519 1687 615 1746 totum
646 1701 823 1764 processum
857 1683 999 1746 narrauit.
1045 1682 1096 1744 nit
1126 1682 1344 1763 philosophus:

279 1771 344 1834 „De
366 1772 427 1834 hae
453 1790 544 1834 causa
576 1790 630 1852 per
651 1772 790 1834 auditum
815 1772 927 1850 ignoro
951 1771 1094 1846 iudicare,
1124 1771 1178 1834 sed
1202 1771 1284 1847 volo,
1314 1777 1345 1832 vt

277 1877 399 1939 serpens
429 1861 544 1940 ligetur
566 1865 596 1922 vt
624 1861 717 1941 prius,
749 1866 778 1923 et
799 1865 871 1924 tunc
903 1860 1051 1923 iudicium
1083 1859 1193 1922 dabo.a
1244 1860 1280 1921 Et
1301 1859 1345 1922 sic

277 1947 385 2010 factum
429 1955 484 2012 est.
537 1951 624 2012 Tunc
662 1950 703 2012 ait
740 1949 958 2029 philosophus:
1000 1948 1152 2028 „Serpens
1186 1949 1211 2011 si
1247 1953 1346 2028 potest

234 2033 415 2117 ²⁴⁵euadere,
448 2038 597 2101 discedat!
650 2039 684 2100 Et
713 2043 755 2116 tu,
791 2039 962 2118 imperator,
997 2037 1061 2100 noli
1093 2037 1226 2117 amplius
1260 2037 1344 2100 labo-

278 2133 411 2277 ἓεῑᾱεῖμνῒ
434 2131 607 2207 serpentem
631 2128 742 2204 soluas,
773 2128 844 2207 quia
869 2145 992 2207 semper
1018 2127 1094 2204 facit,
1125 2126 1210 2206 quod
1239 2131 1346 2188 natura

299 2234 313 2276 e
336 2234 344 2276 1
364 2232 391 2278 ‚a

644 2358 719 2438 Cap.
746 2363 785 2420 63
812 2358 871 2437 (Bl.
897 2358 979 2436 25r.)

503 2460 546 2516 De
564 2460 652 2516 diuite
670 2463 696 2516 et
714 2477 802 2532 puero
821 2477 871 2530 per
888 2461 982 2516 oleum
1001 2459 1125 2530 decepto.

364 2590 503 2664 Qvidam
536 2590 632 2652 homo
656 2594 725 2666 erat,
757 2589 810 2668 qui
840 2589 964 2652 vnicum
994 2589 1093 2650 filium
1125 2587 1263 2664 habebat,
1295 2587 1344 2649 cui

280 2683 345 2756 post
368 2683 502 2742 mortem
527 2679 619 2741 nichil
643 2683 743 2758 preter
757 2679 886 2742 domum
904 2678 1027 2741 dimisit.
1062 2678 1213 2751 Quicum
1231 2694 1344 2755 magno

236 2765 382 2831 uolabore
406 2769 489 2846 vixit,
521 2769 692 2830 intantum
722 2767 808 2848 quod
832 2768 883 2830 vix
914 2769 1100 2830 neccessaria
1122 2766 1286 2846 optinebat,
1317 2769 1346 2826 et

280 2858 423 2934 quamuis
447 2875 558 2936 magna
574 2861 695 2920 coactus
712 2857 821 2934 inedia,
845 2861 946 2918 tamen
963 2856 1092 2918 domum
1109 2873 1195 2918 suam
1212 2853 1345 2916 vendere

280 2945 411 3009 nolebat.
460 2947 542 3008 Puer
572 2947 627 3008 iste
659 2945 790 3008 habebat
823 2945 959 3007 vicinum
994 2944 1121 3007 diuitem
1156 2944 1256 3020 nimis,
1291 2942 1344 3021 qui

280 3033 408 3097 domurn
439 3036 513 3111 eiuS,
544 3040 576 3096 vt
603 3052 690 3096 suam
721 3035 832 3096 faceret
854 3034 1035 3113 largiorem,
1065 3033 1207 3113 cupiebat
1235 3050 1344 3094 emere.

152 3123 154 3164 l
281 3121 337 3184 Sed
373 3143 453 3204 puer
487 3142 543 3186 nec
577 3142 667 3204 prece
701 3141 758 3186 nec
792 3123 896 3203 precio
930 3123 1062 3185 vendere
1094 3122 1223 3185 volebat.
1269 3121 1344 3194 Quo

235 3218 438 3294 aucomperto
476 3213 565 3275 diues
603 3212 755 3292 cogitabat
791 3213 926 3281 domum
965 3230 983 3274 a
1021 3230 1118 3292 puero
1157 3211 1343 3273 subtrahere.

153 3352 154 3370 ,
282 3300 395 3383 lncepit
417 3320 487 3364 cum
512 3321 550 3365 eo
573 3302 804 3364 familiaritatem
830 3302 951 3363 habere.
989 3300 1049 3364 Sed
1074 3318 1151 3380 puer
1173 3299 1344 3361 secundum

281 3408 370 3468 posse
401 3409 493 3454 suum
524 3391 590 3453 eius
620 3390 851 3454 familiaritatem
883 3390 1045 3453 deuitabat
1099 3389 1242 3467 Denique
1272 3405 1345 3449 con-

280 3479 411 3542 tristatus
434 3480 530 3556 diues,
562 3481 703 3559 quinon
735 3480 834 3560 potuit
865 3497 996 3559 puerum
1029 3478 1177 3557 decipere,
1199 3476 1344 3562 „quodam

169 3627 175 3644 ,
281 3567 328 3631 die
350 3569 390 3632 ad
415 3587 486 3631 eum
510 3570 593 3631 venit
609 3573 637 3630 et
655 3570 707 3630 ait:
735 3569 785 3634 „O
802 3587 887 3648 puer,
910 3566 1095 3629 acommoda
1110 3566 1202 3628 michi
1220 3582 1344 3644 paruam

152 3649 153 3662 ¹
236 3664 395 3736 nopartem
420 3659 504 3720 curie
526 3663 577 3720 tue
601 3659 712 3737 precio,
736 3657 808 3738 quia
833 3658 863 3719 in
885 3657 965 3718 eaX
987 3655 1119 3718 tonellos
1142 3655 1212 3717 oleo
1236 3654 1346 3734 plenos

153 3715 158 3841 l
282 3748 432 3810 custodire
455 3747 543 3810 voror
593 3747 628 3808 m
651 3747 743 3808 num
768 3747 821 3808 nu
847 3746 1010 3822 nocebunt,
1039 3744 1093 3806 sed
1123 3743 1250 3806 habebis
1274 3741 1346 3804 inde

153 3850 156 3862 ¹
281 3836 394 3916 aliquid
411 3835 649 3899 sustentaculum
667 3836 753 3897 vite.u
786 3835 866 3898 Puer
881 3839 992 3910 autem,
1009 3834 1200 3895 neccessitate
1216 3836 1344 3907 coactus,

282 3925 428 3989 concessit
450 3930 480 3987 et
507 3925 591 3986 dedit
614 3925 641 3987 ei
665 3925 766 3987 claues
782 3925 872 3986 curie.
910 3923 991 3985 Puer
1005 3940 1080 3985 vero
1096 3922 1215 3984 interim
1232 3921 1344 3982 victum

283 4015 422 4077 manibus
446 4013 610 4092 acquisiuit
632 4032 719 4076 more
742 4014 842 4076 solito.
881 4013 921 4075 m
944 4013 1033 4073 diues
1055 4011 1184 4090 acceptis
1208 4008 1346 4069 clauibus

238 4104 366 4182 aupueri
391 4103 507 4166 curiam
539 4102 711 4166 suffodiens
735 4103 762 4164 V
784 4102 916 4164 tonellos
939 4101 1010 4163 oleo
1034 4099 1143 4179 plenos
1174 4097 1215 4158 ibi
1240 4112 1345 4157 recon-

282 4192 355 4255 didit
385 4197 414 4254 et
438 4192 466 4253 V
490 4190 645 4254 dimidios.
694 4193 764 4254 Hoc
794 4191 873 4253 facto
905 4206 1036 4270 puemm
1067 4185 1231 4250 aduocauit
1260 4188 1289 4245 et
1318 4183 1345 4245 ei
