3584 4884
715 476 938 532 ..91-

290 646 457 726 „Quitquit
479 645 535 708 tibi
559 646 663 726 placet,
688 646 748 709 hoc
769 649 800 709 et
822 646 944 710 michi.r
993 646 1066 720 Que
1086 646 1140 709 ait:
1170 646 1283 711 ‚Dabo
1305 645 1360 709 tibi

287 735 410 798 bonum
434 735 609 798 consilium.
656 735 765 797 Dicam
790 735 891 816 primo
922 735 1009 798 militi
1033 734 1119 814 quod
1148 735 1179 797 in
1208 735 1361 816 principio

287 824 388 887 noctis
419 842 491 886 cum
523 823 650 886 florenis
678 824 786 902 veniat,
816 823 972 887 secundus
995 824 1026 886 in
1050 823 1221 903 gallicantu,
1250 824 1362 888 tercius

232 929 272 974 mo
289 912 322 974 in
345 931 461 975 aurora
487 930 558 974 cum
588 913 756 992 promissis.
802 913 849 975 Tu
873 931 948 976 vero
971 931 1042 975 cum
1072 912 1176 993 gladio
1198 913 1362 992 euaginato

287 1001 385 1064 stabis
409 1006 492 1064 retro
516 1002 646 1078 ianuam,
677 1005 707 1063 et
733 1019 803 1064 cum
833 1001 963 1081 quilibet
985 1001 1149 1078 intrauerit,
1173 1019 1268 1064 vnum
1292 1005 1363 1081 post

286 1090 384 1152 alium
410 1089 584 1166 interficies,
608 1094 637 1153 et
659 1090 703 1152 sic
724 1089 862 1153 florenos
884 1089 1070 1153 habebimus
1092 1094 1122 1153 31
1143 1109 1203 1170 ego
1227 1108 1291 1153 non
1307 1107 1362 1154 ero

287 1179 442 1258 cognita.u
483 1179 523 1240 Α1
545 1179 608 1242 1113;
637 1179 763 1243 „Timeo
787 1178 872 1258 quod
897 1179 929 1241 in
951 1179 1104 1242 occisione
1119 1184 1224 1259 postea
1247 1179 1363 1242 erimus

287 1267 461 1347 depehensi
493 1273 522 1330 et
553 1286 607 1348 per
641 1285 834 1347 consequens
876 1268 956 1330 mala
998 1272 1096 1330 morte
1130 1269 1209 1330 mori
1218 1267 1359 1348 [emur].·

233 1372 274 1418 333
289 1356 364 1430 Que
388 1356 442 1419 ait:
477 1357 578 1420 „istud
602 1374 683 1436 opus
706 1375 764 1435 ego
789 1356 903 1436 incipio
932 1361 962 1420 et
983 1357 1102 1419 bonum
1126 1356 1221 1419 finem
1244 1357 1362 1419 faciam.

288 1446 364 1508 Noli
393 1445 537 1507 limereb‘
586 1445 684 1521 Miles,
715 1463 784 1508 cum
816 1446 877 1508 hoc
906 1445 1049 1523 audisset,
1079 1446 1133 1508 ait:
1167 1443 1361 1510 „Consilium

287 1537 378 1596 tuum
404 1533 612 1614 adimplebor
663 1534 798 1596 Domina
821 1535 920 1597 statim
944 1552 1002 1614 pro
1030 1533 1132 1614 primo
1156 1533 1250 1596 milite
1273 1534 1362 1611 misit,

289 1627 323 1684 ui
354 1622 396 1684 ad
432 1641 500 1684 earn
535 1623 659 1685 veniret.
714 1623 765 1685 1113
796 1641 871 1686 vero
910 1624 1008 1686 statim
1047 1641 1080 1685 se
1114 1623 1140 1685 ei
1180 1623 1364 1703 presentabit

290 1712 352 1789 (BL
381 1711 503 1790 to4v.),
526 1730 588 1791 que
610 1711 663 1773 ait:
694 1712 887 1789 „Karissime
911 1712 937 1774 si
960 1729 1097 1774 amorem
1122 1730 1224 1774 meum
1249 1712 1363 1774 habere

235 1817 275 1862 sao
290 1799 459 1878 desideras,
492 1800 523 1862 in
547 1801 602 1862 ista
632 1805 719 1863 nocte
747 1801 778 1862 in
810 1801 963 1881 principio
990 1801 1022 1862 in
1054 1801 1236 1864 obscuritate
1259 1800 1364 1863 venias

290 1907 363 1951 cum
382 1889 512 1952 florenis
528 1893 557 1952 et
571 1889 756 1952 voluntatem
773 1893 856 1951 tuam
874 1889 1042 1970 perficies!
1074 1890 1114 1951 nt
1129 1889 1192 1952 ille:
1218 1889 1364 1954 „Paratus

289 1993 376 2040 ero.¹⁴
427 1977 532 2041 Statim
557 1979 685 2041 recessit.
726 1977 848 2040 Deinde
871 1996 929 2058 pro
952 1978 1090 2041 secundo
1113 1977 1208 2040 milite
1231 1979 1313 2041 misit
1335 1983 1365 2040 et

289 2067 318 2128 ei
342 2066 422 2128 dixit
446 2071 479 2128 ut
501 2066 607 2129 eadem
632 2072 720 2130 nocte
741 2067 773 2129 in
796 2067 958 2147 gallicantu
975 2067 1092 2130 veniret
1114 2085 1183 2130 cum
1209 2068 1363 2147 peccunia.

291 2155 345 2218 llle
369 2173 445 2218 vero
468 2155 508 2217 de
531 2156 591 2218 hoc
614 2156 739 2235 gauisus
762 2156 892 2220 recessit.
925 2155 1048 2218 Deinde
1071 2174 1129 2236 pro
1152 2157 1246 2218 tercio
1270 2156 1365 2218 milite

235 2260 276 2306 315
293 2244 386 2321 misit,
410 2248 445 2306 ut
466 2243 505 2306 ad
529 2263 596 2306 eam
612 2245 740 2322 veniret;
764 2245 817 2324 qui
836 2263 907 2307 curn
924 2245 1063 2322 venisset,
1086 2245 1142 2306 ait:
1169 2245 1363 2320 „Karissime

292 2333 350 2396 ista
375 2337 465 2395 nocte
488 2333 519 2395 in
542 2351 653 2396 aurora
675 2333 714 2395 ad
738 2351 788 2396 me
811 2334 916 2396 venies
939 2351 1009 2396 cum
1034 2333 1181 2413 peccunia
1203 2338 1231 2395 et
1253 2335 1364 2396 volun·

290 2425 383 2484 tatem
408 2425 492 2483 tuam
516 2421 727 2502 adimplebisr
767 2423 803 2484 Et
817 2423 870 2484 ait:
897 2422 999 2487 „istud
1015 2426 1138 2503 tempus
1154 2440 1217 2484 non
1234 2423 1363 2498 omittas,

291 2511 367 2590 quia
394 2510 480 2572 aliud
511 2515 633 2591 tempus
661 2511 773 2574 habere
802 2529 865 2574 non
894 2512 1043 2591 poterisi¹⁴
1091 2511 1131 2572 nt
1153 2511 1216 2573 ille:
1250 2511 1379 2586 „Michi

292 2600 375 2662 bene
399 2599 525 2679 placet.u
574 2600 655 2663 Cum
687 2618 750 2663 nox
779 2600 906 2678 adesset,
938 2601 1057 2681 primus
1087 2599 1175 2662 miles
1204 2600 1236 2662 in
1267 2600 1364 2662 noctis

236 2706 278 2751 sao
294 2689 482 2751 obscuritate
504 2689 599 2766 venit;
622 2688 714 2766 adest,
738 2688 777 2751 ad
802 2689 924 2751 ianuam
948 2689 1091 2769 pulsauit.
1131 2688 1183 2750 1113
1205 2707 1279 2752 vero
1302 2693 1366 2750 erat

294 2782 399 2857 parata
430 2781 460 2838 et
488 2778 540 2840 ait:
575 2777 756 2858 „Numquid
787 2777 924 2841 florenos
954 2782 1053 2840 tecum
1084 2779 1250 2857 portasti?u
1300 2777 1364 2851 Qui

293 2866 350 2928 ait:
385 2865 521 2931 „Omnia
544 2871 646 2947 parata
669 2867 799 2931 habeo.u
850 2867 903 2929 1113
925 2884 999 2929 vero
1027 2867 1149 2928 ianuam
1173 2867 1314 2946 apperuit
1336 2872 1366 2928 et

294 2972 368 3017 eum
400 2955 510 3016 intrare
540 2955 685 3035 permisit
739 2955 820 3018 Cum
853 2974 929 3018 vero
959 2956 1110 3030 intrasset,
1143 2955 1268 3017 maritus
1298 2955 1365 3017 eius

293 3043 401 3106 subito
425 3061 496 3105 eum
521 3044 552 3106 in
576 3045 672 3124 capite
688 3044 841 3124 usquead
862 3044 978 3106 cerebri
999 3044 1184 3106 effusionem
1209 3043 1364 3124 percussit,

236 3149 280 3194 aso
295 3137 325 3194 et
342 3137 484 3194 mortuus
499 3137 551 3195 est.
590 3132 715 3213 Corpus
738 3133 803 3195 eius
820 3133 850 3194 in
867 3151 1017 3196 cameram
1038 3133 1187 3212 priuatam
1203 3137 1364 3194 traxerunt

295 3220 389 3284 Circa
419 3221 613 3300 gallicantum
645 3222 728 3284 venit
757 3222 913 3285 secundus
945 3221 1032 3284 miles
1062 3239 1132 3283 cum
1164 3221 1308 3300 peccunia
1337 3226 1366 3284 et

294 3309 408 3373 eodem
434 3310 529 3373 modo
553 3314 597 3374 est
620 3311 794 3374 interfectus
817 3315 846 3373 et
869 3311 900 3372 in
922 3310 1051 3373 eandem
1072 3328 1222 3372 cameram
1246 3315 1365 3373 tractus.

295 3400 329 3460 ln
355 3416 467 3461 aurora
489 3399 599 3463 tercius
623 3400 710 3462 miles
733 3418 803 3462 curn
827 3399 975 3480 peccunia
996 3399 1080 3461 venit
1102 3403 1131 3460 et
1152 3397 1244 3460 simili
1270 3399 1365 3461 modo

294 3492 343 3550 est
358 3487 533 3550 interfectus
547 3492 577 3550 et
593 3489 624 3550 in
640 3488 769 3551 eandem
793 3506 944 3550 cameram
968 3488 1095 3568 positus.
1135 3487 1205 3550 Hoc
1227 3487 1306 3550 facto
1326 3489 1367 3550 ait

237 3592 280 3638 aso
296 3575 400 3638 miles:
420 3576 470 3640 „0
483 3577 565 3640 bona
580 3577 715 3654 domina,
732 3577 756 3640 si
770 3577 825 3640 ista
840 3595 971 3657 corpora
983 3576 1144 3638 nobiscum
1162 3576 1286 3638 inuenta
1300 3577 1366 3639 fue-

295 3666 366 3741 rint,
379 3665 554 3744 turpissima
563 3671 660 3729 mone
673 3665 888 3746 condempnati
898 3666 1020 3742 erimus,
1033 3664 1106 3745 quia
1118 3682 1181 3726 non
1192 3670 1366 3746 potestesse

294 3754 374 3833 quin
391 3753 444 3816 liat
459 3755 578 3834 questio
591 3755 621 3816 in
635 3755 718 3817 curia
734 3755 933 3835 imperatoris,
950 3773 1015 3834 quo
1031 3753 1140 3815 milites
1156 3753 1363 3816 deuenerintu

294 3843 337 3905 nt
348 3842 412 3904 illa:
432 3879 445 3906 ll
453 3843 596 3921 Domine,
607 3861 666 3922 ego
680 3843 758 3905 istud
775 3844 888 3906 factum
902 3843 1001 3923 incepi
1018 3847 1047 3904 et
1058 3860 1118 3920 ego
1135 3842 1253 3905 bonum
1270 3843 1365 3905 finem

295 3931 490 4012 perpetrabo.
519 3932 591 3994 Noli
604 3933 724 3994 timere!
753 3932 864 3994 Adhuc
880 3932 1005 4011 ignoras
1021 3930 1155 3993 malicias
1171 3931 1363 3993 mulierum.a

238 4039 281 4084 ooo
299 4020 440 4082 Domina
464 4021 518 4082 ista
544 4039 725 4100 germanum
750 4021 888 4097 habebat,
912 4021 966 4100 qui
990 4024 1052 4082 erat
1075 4020 1206 4100 peruigil
1230 4020 1366 4082 ciuitatis.

295 4109 351 4170 1113
384 4126 470 4185 vero,
506 4127 575 4172 cum
611 4109 777 4190 pemigiles
805 4110 956 4172 ciuitatem
992 4108 1173 4183 circuibant,
1209 4107 1241 4167 in
1277 4107 1367 4169 ianua

295 4197 414 4259 domus
437 4214 491 4260 sue
514 4199 599 4276 stetit,
632 4203 752 4261 etcum
777 4199 868 4260 frater
895 4216 971 4260 suus
995 4197 1025 4258 in
1057 4196 1154 4275 platea
1182 4194 1366 4272 ambulabat,
