3584 4884
702 498 947 554 -131-

638 669 714 751 Cap.
742 675 800 732 127
829 669 887 748 (nt.
913 669 1009 748 na).

483 791 526 847 De
543 791 656 847 Tiberio
675 790 776 846 Cesare
794 793 820 846 et
839 789 945 846 iacente
963 789 1033 844 inter
1052 806 1167 846 muscas.

380 921 484 989 Retert
514 921 663 1000 Iosephus
694 919 780 1000 quod
804 918 951 999 Tyberias
975 917 1070 980 Cesar
1097 919 1273 998 requisitus,
1304 939 1359 983 cur

286 1011 522 1090 prouinciarum
547 1009 684 1088 presides
707 1008 760 1070 diu
784 1012 900 1070 teneret
922 1007 953 1068 in
977 1007 1096 1085 officiis,
1124 1009 1282 1088 respondit
1305 1028 1359 1090 per

227 1120 271 1165 seo
288 1099 483 1179 exemplum:
511 1098 599 1162 „Vidi
620 1096 808 1176 quandoque
833 1096 991 1158 hominem
1017 1096 1184 1174 infirmum,
1207 1098 1359 1162 vlceribus

288 1190 433 1269 plenum,
480 1187 593 1249 muscis
631 1190 800 1266 grauatum.
862 1185 923 1248 Cui
962 1204 1032 1248 cum
1071 1185 1195 1248 flabello
1239 1206 1358 1250 muscas

288 1277 484 1357 expellerem,
516 1275 591 1338 dixit
614 1274 719 1336 michi:
756 1274 938 1354 ‘Dupliciter
967 1293 1016 1336 me
1043 1275 1166 1351 crucias,
1198 1276 1279 1338 vnde
1309 1296 1359 1338 me

289 1365 445 1428 consolari
470 1368 566 1445 putas,
590 1363 772 1443 expellendo
796 1380 916 1425 muscas
940 1381 1010 1426 meo
1030 1364 1180 1443 sanguine
1204 1364 1308 1444 plenas
1331 1370 1360 1427 et

289 1453 476 1517 remittendo
500 1470 610 1515 vacuas
633 1457 662 1514 et
684 1452 845 1516 famelicas.
882 1451 963 1524 Quis
986 1452 1068 1514 enim
1091 1453 1231 1515 aculeum
1255 1472 1359 1517 musce

233 1563 274 1608 sao
289 1543 432 1606 famelice
455 1541 569 1603 deuitet
591 1541 721 1620 duplum
746 1541 816 1622 plus
839 1540 977 1619 affligere
999 1559 1093 1620 quam
1117 1542 1215 1621 plene,
1242 1543 1301 1605 nisi
1325 1543 1358 1619 is,

289 1632 346 1712 qui
371 1650 426 1694 cor
449 1630 604 1710 lapideum
629 1630 753 1692 haberet
776 1634 804 1691 et
827 1647 890 1692 non
908 1631 1083 1692 cameum?'
1120 1631 1293 1708 Karissime,
1316 1632 1360 1694 sic

290 1739 351 1800 ego
376 1720 514 1800 presides
537 1719 589 1780 diu
614 1719 645 1780 in
670 1719 781 1781 otticiis
804 1723 902 1795 tene0,
930 1719 983 1798 qui
1008 1719 1091 1780 ditati
1115 1720 1207 1782 rebus
1229 1720 1360 1782 subditis

290 1811 391 1889 magis
416 1813 558 1890 parcunt;
583 1808 658 1870 noui
681 1812 781 1870 autem
798 1811 828 1869 et
843 1808 930 1869 vacui
946 1807 1064 1870 deserta
1080 1808 1196 1871 iusticia
1218 1809 1359 1871 subditos

290 1899 408 1978 iniquis
431 1897 641 1960 exactionibus
664 1897 762 1976 magis
785 1895 907 1958 rodunt.

644 2056 719 2137 Cap.
747 2064 802 2120 131
834 2057 893 2136 (ΒΙ.
919 2058 1012 2136 48η).

580 2176 624 2232 De
643 2176 779 2248 Dyonisio
799 2181 825 2232 et
843 2177 935 2233 vetula
953 2177 1075 2232 muliere.

240 2326 278 2370 sao
384 2306 525 2369 Valerius
541 2307 695 2368 Maximus
716 2311 823 2384 narrat,
847 2307 942 2386 quod,
967 2325 1036 2370 cum
1054 2325 1163 2370 omnes
1178 2307 1358 2388 Syracusani

292 2399 425 2458 mortem
451 2395 594 2475 Dyonisii
618 2395 727 2475 Sycilie
743 2400 889 2474 optarent,
914 2395 1046 2474 quedam
1070 2396 1185 2458 femina
1199 2397 1360 2459 senectutis

292 2484 398 2546 vltime
421 2484 488 2546 sola
511 2501 567 2564 pro
591 2502 629 2546 eo
653 2484 807 2546 matutinis
831 2485 916 2547 horis
939 2484 1015 2547 deos
1038 2486 1144 2561 orauit,
1173 2489 1204 2547 vt
1226 2486 1285 2548 sibi
1308 2504 1360 2549 su-

293 2577 409 2652 perstes
433 2571 520 2634 tieret
542 2573 573 2634 in
598 2573 654 2635 hac
669 2573 737 2634 vita.
768 2573 866 2635 Cuius
883 2574 1035 2637 oracionis
1051 2592 1172 2636 causam
1191 2575 1360 2655 Dyonisius

293 2661 461 2724 ammirans
492 2661 531 2722 ab
562 2679 597 2723 ea
627 2661 767 2740 quesiuit.
819 2661 890 2735 Que
920 2663 1091 2742 respondit:
1130 2663 1231 2728 „Cum
1262 2681 1359 2726 essem

242 2768 281 2813 ooo
296 2750 406 2830 puella,
430 2768 557 2828 grauem
580 2755 743 2831 tyrannum
768 2750 885 2813 habens
901 2770 939 2814 eo
956 2771 1056 2813 carere
1072 2752 1199 2832 cupiens
1223 2753 1359 2832 peiorem

295 2839 395 2918 recepi
403 2859 411 2916 ;
442 2857 507 2917 quo
535 2839 643 2900 iterum
672 2857 772 2900 carere
795 2839 889 2921 volui,
920 2841 1047 2902 tercium
1071 2841 1228 2903 duriorem
1257 2842 1360 2904 habui.

294 2927 422 2990 Timens
446 2928 537 3006 igitur
560 2927 742 2990 deteriorem
758 2927 812 2990 tibi
829 2928 992 2991 succedere
1012 2934 1041 2991 et
1063 2929 1133 2992 ideo
1158 2949 1214 3010 pro
1230 2931 1290 2992 vita
1310 2935 1361 2992 tua

295 3034 383 3096 rogo.
424 3015 594 3096 Dyonisius
617 3017 673 3078 hec
695 3015 825 3080 audiens
846 3018 980 3097 amplius
1004 3018 1172 3082 molestiam
1197 3037 1259 3081 non
1283 3020 1361 3084 iecit.

646 3194 721 3275 cap.
749 3202 808 3282 iss
835 3196 894 3274 (aa.
920 3197 1015 3273 aava

567 3315 733 3371 Miraculum
753 3315 788 3370 de
806 3315 908 3372 Sancto
927 3315 1094 3371 Bemhardo

387 3425 522 3498 Qvidam
561 3426 646 3489 lusor
684 3445 847 3489 occurrens
883 3427 972 3490 beato
1003 3427 1181 3490 Remhardo
1216 3429 1361 3508 equitanti

244 3513 375 3576 subdixit
396 3514 468 3576 sibi:
496 3514 611 3591 „Pateq
636 3515 740 3577 ludam
757 3517 872 3578 tecum!
909 3516 1051 3580 Animam
1076 3535 1174 3579 meam
1199 3536 1256 3598 pro
1279 3537 1361 3598 equo

295 3608 351 3666 tuo
375 3605 525 3682 ponam!“
574 3603 700 3666 Sanctus
727 3605 842 3681 annuit,
874 3604 913 3667 de
943 3624 1025 3684 equo
1056 3605 1213 3668 descendit
1243 3607 1361 3670 dicens:

299 3691 351 3758 »Si
376 3691 464 3772 plura
487 3696 598 3772 puncta
621 3711 670 3754 me
698 3693 869 3773 proieceris,
903 3712 1002 3773 equus
1031 3699 1102 3758 tuus
1130 3695 1180 3758 sit!
1228 3696 1260 3759 Si
1288 3715 1362 3760 vero
1486 3707 1489 3712 “

296 3799 357 3860 ego
381 3781 469 3861 plura
493 3781 658 3862 proiecer0,
682 3782 785 3844 anima
807 3786 858 3844 tua
874 3802 941 3844 mea
965 3783 1053 3845 erin«
1092 3786 1190 3848 Lusor
1205 3787 1361 3849 concessit

296 3869 403 3932 Statim
428 3888 498 3932 cum
522 3869 619 3932 tribus
641 3871 765 3933 traxillis
782 3872 908 3951 proiecit
923 3872 1017 3934 XVlll
1035 3879 1154 3951 puncta.
1193 3875 1267 3948 Quo
1283 3875 1362 3938 tacto

243 3976 283 4021 aro
297 3959 422 4020 frenum
454 3959 524 4038 equi
555 3963 710 4038 tamquam
744 3979 836 4022 suum
872 3961 976 4022 tenuit
1021 3962 1071 4023 nit
1101 3968 1234 4026 sanctus:
1275 3964 1361 4040 „fin

296 4048 400 4110 adlruc
423 4047 511 4128 plura
541 4053 653 4128 puncta
675 4053 746 4111 sunt
769 4049 799 4110 in
825 4049 923 4112 tribus
945 4051 1054 4112 taxillis
1077 4069 1170 4130 quam
1195 4051 1276 4114 ista.u
1328 4054 1363 4114 Et

297 4135 426 4217 proiecit
440 4136 510 4198 XlX
527 4141 645 4216 puncta,
670 4155 732 4200 vno
748 4143 862 4218 puncto
879 4138 1058 4218 plusquam
1075 4139 1168 4202 lusor.
1204 4139 1278 4212 Quo
1295 4141 1362 4203 viso

296 4225 384 4288 lusor
407 4242 440 4288 se
463 4225 521 4288 sub
545 4227 725 4288 obediencia
756 4245 811 4289 sua
835 4227 919 4289 dedit
946 4232 975 4289 et
1001 4232 1106 4290 sancto
1137 4229 1201 4290 tine
1224 4228 1360 4290 decessit.

1203 4347 1237 4401 9.
