3584 4884
719 442 918 496 ,7-

372 630 397 675 u
418 612 498 675 Luce
522 612 625 674 virum
649 612 729 674 clara
751 612 890 692 spolians
914 611 1082 678 Ramnmia
1103 613 1221 692 pernix,

463 702 543 763 Nam
566 701 636 764 vifis
658 700 771 764 fronde
792 701 914 780 stringit
934 718 1004 763 eam
1025 702 1166 780 graviter.

421 790 451 853 Ο
473 790 531 852 dea
552 807 644 853 coeca
666 790 768 867 nimis,
790 807 811 852 o
833 794 1007 852 monstrum
1030 790 1168 853 criminis
1188 790 1250 867 alti,

463 879 570 941 Nutris
592 878 711 957 grande
732 879 832 941 scelus
853 879 934 957 justa
955 879 1128 959 premendo
1149 897 1251 959 grave

422 966 486 1030 Cur
507 968 623 1048 premis
647 968 839 1045 Heinricum,
862 967 1025 1031 multando
1047 969 1229 1030 Neronem?

375 1074 402 1119 oo
463 1056 530 1119 Cur
552 1058 719 1119 moechum
741 1056 841 1119 salvas
863 1057 956 1133 bunc,
978 1056 1145 1137 spoliando
1166 1058 1268 1119 uirum

423 1146 549 1209 lumine
571 1150 728 1224 quamat05
751 1145 845 1207 dolor
866 1146 979 1225 ingens
999 1150 1123 1207 unxerat
1145 1146 1243 1208 illurn.

463 1235 608 1297 Vinctum
632 1234 744 1313 linquit
765 1234 965 1297 accelerando
987 1234 1128 1297 domurn.

423 1324 477 1386 lste
499 1323 598 1386 vibrat
620 1323 745 1399 bifores,
768 1324 934 1386 moechum
957 1323 1059 1386 lodice
1079 1324 1197 1402 grabati

464 1413 549 1475 llaec
570 1412 676 1475 condit
696 1412 800 1474 valvas
823 1411 931 1492 pandit
952 1416 983 1473 et
1004 1412 1057 1473 illa
1078 1412 1155 1475 viro.

375 1520 402 1565 so
425 1502 520 1581 Ipsius
542 1500 659 1564 reditus
680 1518 802 1563 causam
826 1501 977 1580 quaesivit
997 1506 1028 1563 et
1049 1500 1102 1563 ille

464 1590 585 1653 Ordine
608 1608 672 1653 rem
696 1590 841 1669 reterens,
863 1591 939 1652 haec
960 1590 1163 1669 lacrimasque
1184 1590 1272 1671 pluit.

423 1680 505 1741 llaec
526 1683 623 1741 astuta
645 1678 738 1741 nimis
762 1678 905 1741 Paridem
927 1679 1044 1741 salvare
1065 1680 1226 1760 cupiscens

463 1768 587 1847 Cogitat
608 1772 638 1830 et
660 1768 799 1830 fraudem
823 1768 935 1847 reperit
956 1768 1008 1830 illa
1029 1768 1100 1830 cito.

421 1856 512 1935 ,Proh
535 1856 628 1919 dolor
649 1856 742 1919 unius
764 1874 874 1919 vereor
895 1856 983 1937 quod
1006 1856 1127 1919 laedere
1148 1862 1241 1936 queat

374 1966 401 2011 ro
464 1948 536 2009 Non
560 1945 682 2008 modica
704 1950 789 2025 peste
812 1946 936 2023 lumen:
956 1946 1006 2021 ait,
1028 1946 1201 2025 ,reliquum

421 2036 562 2114 Namque
584 2052 710 2113 gregem
733 2039 826 2097 totam
847 2035 1018 2114 corrumpit
1039 2034 1183 2098 morbida
1205 2034 1324 2111 balans;

464 2124 524 2187 Sus
546 2124 664 2186 linione
686 2141 742 2185 sua
764 2122 868 2186 foedat
889 2141 983 2203 apros
1005 2124 1151 2203 reliquos.

420 2211 548 2292 Saepius
569 2212 683 2289 audivi,
706 2212 793 2291 quod
817 2212 912 2275 verba
934 2213 1021 2275 beata
1042 2213 1182 2292 vigerent

464 2302 605 2378 Tantum,
629 2300 715 2380 quod
739 2300 854 2363 crudus
876 2302 960 2365 ensis
982 2319 1054 2363 eum
1078 2301 1196 2364 habeat.

374 2410 399 2456 u
422 2390 480 2453 l·lis
501 2389 541 2452 de
564 2407 644 2470 pane
666 2407 737 2452 mro
760 2388 875 2453 Christi
899 2390 935 2453 tit
955 2390 1078 2469 viteque
1099 2390 1238 2469 sanguim

465 2479 604 2542 Plamtur
627 2479 714 2541 Deus
736 2478 809 2541 hinc
831 2479 952 2559 cogitur
974 2479 1109 2558 hincque
1131 2478 1232 2543 Satan.

422 2568 504 2647 Ergo
526 2573 614 2630 tuum
639 2568 744 2629 lumen
767 2568 895 2631 sacrabo
917 2568 1055 2631 carmine
1077 2567 1132 2630 dio

464 2658 550 2720 Neve
573 2656 693 2720 bonum
717 2656 863 2733 maculet,
886 2658 1027 2736 junxerat
1048 2674 1147 2736 osque
1169 2674 1271 2720 suum.

420 2746 530 2808 Taliter
552 2750 586 2808 ul
609 2749 713 2825 posset
734 2745 843 2809 oculos
865 2744 1051 2809 concludere
1073 2745 1180 2825 sponsi

371 2850 398 2899 'eo
465 2834 547 2897 llinc
569 2834 696 2898 oculum
721 2833 835 2911 lambit,
859 2834 978 2914 quaerit
999 2838 1029 2897 et
1051 2834 1102 2896 ille
1124 2833 1240 2913 lugam.

421 2924 555 2987 Moecho
577 2924 706 2986 salvato:
730 2924 833 3000 ,Nunc
854 2941 955 3003 spero,
979 2922 1105 2986 Christo
1127 2922 1255 2999 favente,

463 3012 606 3092 Amplius
629 3012 704 3074 haec
725 3012 804 3075 acies
828 3030 892 3074 non
915 3011 1125 3091 scrupuletur‘,
1147 3011 1198 3073 ait.

420 3101 508 3177 ,Nam
532 3100 626 3164 sacris
648 3101 751 3163 verbis
772 3101 886 3163 sacravi
908 3101 1051 3181 pluribus
1073 3100 1165 3178 illam,

464 3189 568 3263 Quam
591 3190 707 3253 salvare
730 3194 821 3269 queat
843 3188 944 3252 sidera
967 3190 1047 3252 clara
1070 3189 1170 3269 polus

373 3313 399 3358 ⁸5
422 3278 542 3342 Omnes
565 3279 652 3341 istius
675 3278 798 3341 trandes
819 3277 931 3355 audite,
956 3278 1113 3341 studentes

464 3368 512 3429 Ne
535 3384 592 3431 vos
615 3367 740 3430 seducat
762 3367 876 3429 femina
900 3367 1058 3447 nugigera.

421 3456 513 3519 Thais
534 3473 641 3519 amore
663 3460 751 3533 caret,
773 3456 878 3535 iuveni
902 3474 967 3519 non
990 3460 1089 3539 serpat
1110 3473 1262 3533 amorem

422 3544 498 3608 fisci
522 3545 615 3609 bonis
637 3546 719 3624 viget
741 3544 791 3607 hic
814 3549 905 3623 teque
926 3550 1047 3608 carente
1070 3545 1157 3626 perit.

724 3686 861 3749 Fabula
885 3688 932 3750 lV.

421 3810 475 3873 Vir
498 3811 572 3873 lucri
596 3811 728 3892 cupidus
752 3810 943 3891 longinquos
966 3811 1059 3873 currit
1080 3809 1120 3873 ad
1145 3810 1251 3887 lndos;

374 3938 401 3985 90
468 3900 527 3962 llic
549 3918 628 3963 uxor
650 3904 729 3962 casta
752 3904 857 3962 vernat
878 3904 1003 3979 eratque
1026 3900 1085 3980 pia.

424 3988 511 4051 Hanc
532 3989 634 4052 socrui
658 3992 754 4051 castae
777 3988 931 4051 commisit
953 3993 983 4050 et
1005 3988 1077 4051 inde
1100 3987 1225 4065 recedit;

469 4077 552 4140 llaec
574 4077 701 4141 Veneris
725 4076 800 4141 ludo
824 4077 931 4156 nequit
953 4094 1043 4156 egere
1066 4077 1130 4140 diu.

425 4162 603 4229 Caeruleam
628 4166 734 4229 taciem
758 4166 864 4229 Venus
887 4166 960 4227 huic
981 4165 1119 4245 depinxit
1142 4169 1171 4226 et
1194 4164 1260 4243 eius
