3584 4884
722 446 941 508 ..59-

242 638 283 683 oro
297 622 427 702 expavit,
459 626 488 684 et
514 621 662 685 accedens
693 641 747 703 pre
775 622 885 685 timore
914 622 1034 685 adhesit
1063 622 1130 686 viro
1160 639 1219 685 suo
1249 621 1366 684 fortiter

296 709 399 773 donec
421 711 566 773 excitatus
588 714 641 775 est.
673 712 708 773 Et
722 712 763 773 ait
777 710 825 773 vir
846 729 902 773 sue
917 712 1020 774 uxori:
1045 710 1139 775 Unde
1154 710 1215 773 hoc
1238 728 1363 787 novum,

296 800 371 878 quia
386 799 463 861 mihi
478 799 622 862 adhesisti
639 818 722 862 nunc
737 800 834 879 magis
849 818 944 881 quam
961 801 1120 879 unquam?
1156 800 1193 861 Et
1205 798 1365 862 attendens

295 889 344 950 vir
370 888 489 950 audivit
517 888 674 968 strepitum
702 889 779 951 furis
806 890 837 950 in
866 890 973 952 domo.
1020 890 1113 951 Nunc
1136 888 1270 968 percepit
1291 887 1365 968 quia

297 995 334 1039 ex
361 978 474 1040 timore
501 977 578 1039 furis
606 978 725 1040 adhesit
754 978 812 1040 sibi
841 996 922 1041 uxor
947 995 1011 1041 sua.
1059 979 1095 1040 Et
1115 978 1156 1039 ait
1183 976 1243 1039 furi
1267 982 1384 1057 palen.

244 1082 284 1127 auo
297 1066 443 1129 familias:
468 1067 618 1145 Magnum
642 1066 768 1145 gratiam
792 1071 901 1148 reputo
924 1071 953 1129 te
976 1067 1051 1129 mihi
1076 1071 1164 1129 nocte
1187 1066 1242 1128 ista
1256 1071 1364 1130 contu-

297 1156 368 1219 lisse
392 1156 433 1217 de
455 1173 520 1234 quo
542 1154 597 1217 tibi
619 1160 726 1218 teneor
745 1156 861 1219 cunctis
883 1156 995 1219 diebus
1017 1156 1077 1218 vite
1101 1174 1177 1232 mee,
1200 1159 1363 1235 postquam

295 1244 380 1307 fuisti
405 1262 496 1307 causa
518 1247 552 1305 ut
580 1244 802 1324 amplexaretur
824 1244 901 1307 mihi
924 1262 1004 1309 uxor
1026 1262 1102 1307 mea.
1148 1244 1241 1306 Nunc
1262 1248 1363 1306 autem

295 1334 401 1414 accipe
423 1351 619 1412 quecumque
634 1334 681 1395 vis
703 1338 732 1395 et
747 1333 852 1395 omnia
867 1333 922 1396 tibi
937 1334 977 1395 de
992 1333 1089 1397 domo
1105 1351 1173 1395 mea
1188 1332 1268 1395 licita
1282 1337 1362 1397 sunt

682 1483 729 1537 14.
767 1476 822 1555 [ε
845 1475 875 1539 s.
903 1475 986 1555 aaa]

390 1600 510 1663 Dicitur
532 1599 627 1662 fuisse
651 1600 796 1662 heremita
811 1600 860 1662 cui
884 1599 954 1661 data
975 1600 1033 1661 fuit
1046 1617 1136 1662 vacca
1155 1617 1225 1677 una,
1248 1604 1362 1663 etcum

244 1702 282 1748 aar
296 1690 423 1753 duceret
446 1707 513 1751 eam
536 1688 575 1750 ad
604 1688 733 1751 domum
765 1706 861 1764 suam,
893 1687 1021 1768 quidam
1051 1688 1102 1751 fur
1127 1688 1204 1751 vidit
1229 1688 1312 1751 illam
1336 1693 1365 1751 et

295 1777 421 1841 furandi
445 1796 550 1840 curam
574 1777 723 1841 adhibuit.
772 1778 834 1840 lbat
860 1783 962 1840 autem
989 1778 1041 1839 fur
1070 1782 1140 1857 post
1169 1796 1240 1840 eum
1264 1796 1363 1857 usque

294 1868 335 1929 ad
359 1866 492 1930 domum
516 1866 670 1943 heremite,
694 1870 807 1929 etcum
831 1872 910 1929 esset
932 1867 963 1928 in
979 1867 1029 1928 via
1044 1866 1178 1929 obviavit
1197 1866 1224 1928 ei
1247 1866 1362 1930 demon
1386 1864 1397 1875 “

296 1957 328 2018 in
359 1956 463 2035 figura
494 1955 638 2018 hominis.
684 1955 744 2017 Cui
768 1955 844 2018 dixit
872 1955 937 2017 fur:
968 1954 1050 2029 Quis
1075 1973 1109 2018 es
1135 1960 1177 2032 tu,
1208 1960 1261 2018 aut
1287 1954 1362 2035 quid

296 2044 454 2107 intendis?
500 2044 540 2106 nt
567 2044 617 2107 ille
640 2044 811 2124 respondit:
844 2045 910 2123 Ego
937 2043 1064 2124 quidem
1094 2062 1164 2107 sum
1192 2043 1306 2107 demon
1335 2048 1364 2107 et

243 2146 282 2192 noo
297 2134 427 2197 intendo
451 2138 540 2195 nocte
563 2132 619 2195 ista
633 2134 785 2196 suffocare
808 2133 996 2209 heremitam,
1019 2137 1049 2195 et
1063 2150 1148 2195 nunc
1161 2150 1276 2212 sequor
1291 2152 1362 2196 eum

295 2223 399 2285 donec
421 2222 565 2285 homines
587 2226 659 2285 sunt
681 2223 712 2284 in
736 2240 863 2297 somno;
887 2226 961 2285 tunc
976 2239 1121 2301 exurgam
1141 2227 1246 2285 contra
1261 2222 1362 2302 ipsum

296 2316 325 2375 et
353 2311 534 2373 interficiam
566 2329 647 2374 eum.
696 2312 731 2372 Et
757 2311 798 2373 ait
825 2310 851 2373 ei
881 2311 943 2373 fur:
976 2312 1041 2389 Ego
1068 2310 1206 2373 similiter
1236 2311 1363 2375 intendo

296 2400 340 2463 ire
368 2400 408 2462 ad
437 2398 567 2462 domum
598 2417 683 2462 suam
713 2405 742 2462 et
771 2400 865 2462 furari
896 2418 1017 2462 vaccam
1047 2417 1146 2462 suam.
1194 2400 1230 2461 Et
1256 2406 1363 2463 euntes

297 2491 421 2552 iverunt
454 2489 565 2569 pariter
597 2488 636 2551 ad
671 2489 801 2551 domum
837 2489 992 2551 heremite.
1050 2488 1229 2567 lngrediens
1261 2495 1362 2551 autem

244 2578 447 2641 maheremita
474 2577 604 2640 domum
633 2576 801 2640 introduxit
831 2596 952 2640 vaccam
976 2581 1006 2639 ef
1032 2576 1166 2639 comedit
1192 2581 1222 2639 et
1244 2578 1364 2640 intravit

296 2666 475 2730 cubiculum
499 2666 538 2728 ad
562 2666 790 2729 dormiendum.
830 2668 865 2729 Et
887 2666 1025 2745 cogitans
1047 2666 1098 2727 fur
1119 2665 1196 2727 dixit
1217 2666 1248 2727 in
1269 2667 1385 2730 corde*

295 2774 374 2820 suo:
411 2755 529 2818 Dubito
563 2774 601 2818 ne
635 2756 714 2817 forte
749 2755 875 2834 quando
908 2754 1054 2817 accedens
1090 2754 1140 2816 hic
1173 2754 1288 2817 demon
1322 2756 1362 2818 ad

295 2843 514 2908 suffocandum
551 2844 741 2921 heremitam,
781 2844 922 2907 clamabit
960 2844 1026 2924 ipse
1060 2848 1090 2905 et
1125 2849 1302 2906 succurrent
1334 2845 1363 2907 ei

297 2934 443 2997 homines
466 2937 502 3010 et,
533 2950 597 2996 non
627 2937 736 3013 potero
767 2952 874 3014 capere
903 2951 1033 3010 vaccam,
1063 2932 1117 2995 sed
1146 2952 1197 2995 me
1225 2933 1364 2997 videntes

243 3038 283 3083 aro
297 3022 419 3103 capient
450 3026 479 3084 et
509 3022 690 3085 interficient
720 3041 778 3085 me.
825 3022 911 3084 Dixit
940 3041 1015 3101 ergo
1046 3022 1097 3083 fur
1126 3021 1269 3084 demoni:
1301 3022 1363 3085 Sile

296 3130 416 3192 parurn,
440 3116 469 3172 et
491 3110 608 3172 dimitte
631 3129 681 3173 me
697 3130 804 3191 capere
820 3130 941 3174 vaccam
958 3111 1043 3191 prius
1059 3129 1151 3190 quam
1168 3115 1251 3173 fuam
1266 3110 1363 3173 adim-

296 3200 397 3281 plebis
420 3199 616 3262 voluntafem.
664 3200 724 3262 Cui
749 3200 909 3281 respondit
930 3199 1059 3263 demon:
1083 3200 1287 3279 Nequaquam
1304 3200 1365 3262 hoc

295 3289 415 3365 faciam,
436 3288 505 3351 scd
537 3289 623 3368 prius
654 3289 755 3369 ipsum
779 3290 852 3352 volo
883 3288 1052 3351 interficere
1075 3292 1104 3350 et
1138 3293 1243 3367 postea
1271 3288 1363 3352 facies

297 3377 384 3459 quod
410 3377 551 3440 intendis.
597 3377 636 3439 nt
659 3378 709 3441 ille
732 3379 863 3442 dicebat:
892 3379 1105 3457 Nequaquam,
1128 3377 1182 3439 sed
1206 3395 1266 3457 ego
1289 3378 1363 3440 inci·

244 3480 283 3526 nn
297 3468 390 3549 piam.
437 3468 473 3529 Et
507 3471 573 3530 orta
606 3466 760 3530 discordia
794 3468 871 3531 inter
906 3467 990 3547 ipsos
1020 3466 1150 3543 fortiter,
1185 3465 1365 3546 inceperunt

296 3574 436 3637 pugnare
459 3559 488 3619 et
511 3555 601 3618 rixari
624 3557 662 3617 ad
688 3557 817 3619 invicem
837 3556 939 3619 donec
960 3555 1011 3617 fur
1032 3559 1154 3617 vocaret
1177 3555 1362 3631 heremitam,

295 3646 402 3708 dicens
430 3645 471 3707 ei:
502 3644 609 3724 Surge,
640 3645 712 3725 quia
741 3646 796 3708 iste
824 3644 939 3707 demon
971 3644 1036 3706 vult
1062 3648 1091 3706 fe
1118 3643 1281 3707 suffocare.
1328 3645 1364 3706 Et

297 3734 433 3797 excitatis
456 3733 603 3796 heremita
622 3739 650 3795 et
673 3752 729 3796 sua
751 3733 872 3811 familia,
897 3734 1043 3812 fugerunt
1064 3732 1115 3795 fur
1137 3736 1167 3795 et
1188 3731 1312 3810 demon,
1336 3737 1365 3795 et

295 3825 338 3887 sic
361 3823 458 3886 evasit
480 3822 625 3884 heremita
647 3840 665 3884 a
688 3823 824 3903 periculo
848 3823 964 3885 mortis.

677 3966 726 4027 15.
763 3964 818 4044 [.-.
841 3963 870 4027 s.
899 3964 981 4043 ms]

245 4102 282 4150 rao
390 4085 520 4174 [Dicitur
534 4089 628 4152 fuisse
644 4090 769 4170 quidam
787 4090 992 4170 carpentarius
1010 4089 1064 4169 qui
1080 4090 1217 4170 pulcram
1234 4088 1364 4151 hahebat

294 4196 426 4243 uxorem
461 4195 554 4257 quam
589 4179 719 4241 multum
752 4178 881 4241 amabat.
933 4179 1074 4241 ilabebat
1104 4182 1133 4239 et
1167 4176 1278 4239 mulier
1311 4176 1361 4237 illa
