3584 4884
707 509 925 563 -21-

371 678 408 755 ,Si
431 678 472 741 de
494 679 619 742 fortuna
641 678 783 759 gaudeas,
851 678 952 742 vende
974 680 1067 743 nobis
1089 681 1151 744 hoc
1171 679 1293 743 animal.

321 784 356 829 222
372 768 571 848 Deponemus
592 772 653 831 tres
676 766 793 845 odium,
861 766 887 829 si
911 785 1126 849 comparamus
1148 768 1316 849 turgidum.

368 858 497 920 Vestitus
520 856 638 919 technis
663 856 788 921 Unibos
854 855 893 918 ad
918 861 979 919 tres
1001 857 1062 921 hoc
1083 857 1157 921 dicit
1178 858 1293 921 socios:

367 946 445 1022 ,Non
469 950 515 1010 est
537 946 617 1008 hanc
639 946 713 1008 dare
734 943 823 1007 facile
890 946 1069 1025 genitricem
1093 946 1248 1027 pecuniae.

369 1035 467 1114 liujus
490 1036 549 1097 sub
573 1033 652 1115 pelle
675 1034 788 1097 bestiae
855 1052 925 1097 arca
946 1033 1017 1097 latet
1038 1035 1173 1098 laetitiae

367 1124 437 1187 Non
461 1128 506 1187 est
528 1123 603 1186 haec
625 1122 694 1187 vilis
717 1123 819 1200 bestia,
888 1140 969 1202 quae
991 1127 1071 1185 tanta
1093 1124 1172 1203 parit
1194 1124 1339 1187 munera‘.

318 1227 354 1274 222
368 1211 406 1289 ,Si
429 1212 469 1275 de
491 1217 544 1275 tua
565 1212 732 1275 substantia
800 1216 852 1274 tua
874 1211 999 1275 laetetur
1020 1213 1140 1290 anima‘,

368 1301 410 1362 llli
433 1301 547 1379 dicunt,
570 1300 742 1379 ,carissime
810 1318 849 1363 ne
872 1300 998 1365 differas
1021 1296 1107 1364 hanc
1123 1301 1274 1366 vendere‘.

366 1390 540 1470 versipellis
564 1390 688 1455 Unibos
755 1388 794 1452 ad
819 1390 927 1453 brutos
949 1388 1022 1453 dicit
1043 1394 1105 1453 tres
1127 1390 1223 1454 viros:

366 1480 545 1557 ,Jumentum
569 1477 700 1541 vendam
725 1478 838 1556 nobile,
891 1478 946 1541 sed
970 1497 1034 1542 non
1051 1497 1110 1559 pro
1125 1496 1221 1560 parvo
1237 1496 1374 1543 munere.

366 1568 427 1631 Vos
449 1567 575 1645 vidistis,
600 1567 675 1647 quid
699 1568 824 1647 peperit,
893 1568 1079 1647 cognoscitis
1106 1566 1182 1647 quid
1211 1568 1262 1631 hic
1285 1567 1374 1649 pluit;

318 1672 354 1718 no
367 1655 397 1719 Si
422 1674 623 1719 nummorum
647 1655 807 1720 latibulum
875 1656 975 1735 vultis,
998 1657 1135 1720 conferte
1158 1657 1307 1738 pretium,

367 1744 424 1808 Sed
449 1750 483 1807 ut
504 1745 570 1808 sitis
593 1744 737 1823 benivoli,
804 1744 941 1808 conferte
964 1745 1058 1808 libras
1080 1745 1268 1825 quindecim.

367 1834 471 1897 Plures
494 1834 526 1896 in
551 1834 635 1896 brevi
659 1838 798 1914 tempore
866 1834 960 1897 libras
982 1834 1089 1897 reddet
1115 1853 1173 1915 pro
1196 1836 1344 1897 stercore‘.

366 1922 438 1985 Tres
461 1922 504 1985 illi
528 1922 621 1985 libras
644 1922 821 2002 quindecim
889 1927 924 1985 ut
945 1923 1125 2003 persolvunt
1149 1923 1296 2001 Unibovi,

367 2012 486 2090 Equum
511 2011 628 2073 ducunt
650 2010 796 2091 ligamine
863 2010 1069 2075 custodientes
1091 2011 1214 2093 cupide.

318 2116 354 2161 ars
368 2100 505 2163 Festinus
528 2100 628 2180 inquit
651 2100 812 2180 presbiter:
881 2099 1002 2177 ,Audite
1025 2119 1083 2178 me,
1106 2101 1184 2164 sicut
1205 2100 1304 2177 decet,

362 2190 536 2267 Jumentum
561 2188 634 2252 volo
657 2189 769 2251 ducere
836 2188 875 2251 ad
899 2188 1052 2252 stabulum
1076 2189 1191 2253 domus
1213 2208 1308 2253 meae.

366 2278 447 2351 Quia
468 2278 588 2358 primus
611 2277 743 2355 ecclesia,
811 2295 880 2340 sum
905 2278 1024 2358 primus
1046 2279 1077 2340 in
1101 2278 1252 2356 custodia;

366 2366 511 2429 Diluculo
535 2366 720 2445 recolligam,
789 2384 882 2446 quam
906 2366 1020 2429 donavi
1044 2368 1216 2447 pecuniam.

364 2454 408 2519 Sit
430 2456 529 2536 prima
553 2473 616 2519 nox
640 2454 808 2535 presbiteri,
876 2455 1012 2519 secunda
1034 2456 1074 2519 sit
1096 2456 1270 2537 praepositi,

313 2562 350 2607 auo
365 2544 492 2623 Maioris
515 2563 578 2607 nox
601 2544 639 2607 sit
661 2544 746 2607 tertia
809 2544 872 2607 sub
895 2544 1054 2624 aequitatis
1076 2545 1204 2607 trutina‘.

363 2633 453 2711 ,niara
477 2632 553 2695 dixit
576 2633 777 2714 praepositus,
845 2632 909 2711 ,sit‘,
933 2632 1006 2696 dicit
1029 2633 1128 2713 maior
1149 2634 1268 2710 tertius;

362 2722 457 2799 ,Haec
479 2726 523 2785 est
546 2726 651 2785 nostra
673 2720 838 2785 concordia
906 2722 966 2785 sub
990 2722 1055 2784 miti
1079 2722 1239 2803 patientia‘.

289 2806 292 2813 '
364 2812 481 2891 liquam
505 2815 648 2892 procurat
670 2811 821 2892 presbiter
887 2809 965 2874 dans
988 2810 1141 2874 hordeum
1165 2810 1315 2888 celeriter;

363 2900 422 2963 Per
445 2904 609 2963 nocturnas
632 2900 752 2979 vigilias
819 2918 917 2979 equae
940 2900 1064 2980 praebet
1085 2899 1244 2963 auriculas

313 3006 349 3052 aso
366 2990 455 3052 Facto
478 2993 579 3051 tamen
603 2988 741 3051 diluculo
808 2988 952 3051 sacerdos
974 3006 993 3051 a
1015 2988 1174 3069 praesepio

364 3075 573 3141 Commumen
597 3078 687 3141 trahit
710 3077 846 3155 bestiam,
915 3081 949 3139 ut
970 3077 1105 3157 deponat
1128 3076 1299 3157 pecuniam.

364 3167 415 3229 llla
438 3170 548 3247 putans
571 3166 611 3229 ad
634 3170 766 3229 aratrum
835 3164 946 3229 deduci
971 3166 1029 3229 sibi
1054 3166 1221 3245 cognitum,

363 3256 428 3319 Sub
451 3255 549 3319 cauda
571 3256 650 3317 laxat
672 3254 841 3335 squibulaS,
909 3255 987 3317 sicut
1008 3254 1094 3332 solet,
1118 3253 1321 3318 foedissimas.

364 3344 448 3407 Dum
473 3344 614 3407 stercoris
637 3344 791 3424 quassatio
859 3342 983 3405 auditur
1003 3361 1021 3405 a
1044 3343 1222 3423 presbitero,

313 3450 350 3497 222
364 3434 519 3497 Nummos
542 3436 626 3513 putat
649 3432 815 3513 procedere
883 3450 921 3495 ex
943 3432 1012 3495 alvo
1036 3431 1142 3494 brutae
1165 3431 1287 3496 bestiae.

364 3521 484 3587 Clamat
506 3521 663 3585 sacerdos:
687 3521 797 3599 ,Pueri
865 3520 1026 3598 abscedite,
1049 3520 1222 3598 domestici,

363 3610 455 3673 Solus
477 3628 577 3673 meam
602 3610 788 3689 recolligam,
857 3628 950 3689 quam
973 3610 1086 3674 donavi
1111 3610 1292 3689 pecuniam‘.

363 3698 444 3761 Cum
469 3699 611 3762 sacerdos
639 3699 820 3762 scrutinium
889 3717 945 3779 per
966 3698 1171 3761 timumtacit
1192 3697 1351 3776 foetidum,

366 3789 472 3852 Unum
497 3788 650 3850 minutum
675 3788 815 3869 repperit,
883 3787 971 3867 quod
994 3788 1170 3851 festinanter
1192 3785 1308 3868 accipit

313 3877 547 3954 uaJumentnm,
570 3894 640 3939 cum
664 3894 718 3939 sex
744 3876 899 3940 mensium
967 3876 1041 3939 olim
1069 3876 1176 3939 luisset
1203 3875 1374 3957 parvulum,

364 3965 485 4028 Vulnus
507 3965 640 4045 suscepit
661 3965 762 4045 stipite
829 3966 879 4028 ani
902 3964 1004 4027 tenelli
1028 3964 1142 4027 limine.

367 4053 409 4115 lbi
432 4053 585 4116 minutum
610 4054 749 4132 substitit,
818 4054 850 4115 in
874 4053 1009 4117 cicatrice
1032 4053 1123 4132 latuit,

367 4142 451 4221 Equa
474 4159 543 4203 curn
568 4160 715 4205 nummos
738 4141 880 4219 reddidit,
949 4160 1030 4222 quos
1054 4142 1179 4205 Unibos
1205 4138 1374 4202 subintulit

368 4228 417 4292 llla
439 4230 547 4293 scrobs
570 4230 612 4293 illi
636 4231 772 4293 vulneris
840 4231 1005 4292 invenienti
1030 4230 1152 4309 proluit
