3584 4884
719 409 868 463 -zot
922 438 962 446 —

306 578 340 641 in
362 578 444 657 foro,
467 579 518 642 ille
532 578 587 658 qui
602 578 782 641 vendiderat
802 580 926 643 arcbarn
948 580 1075 660 aperuit,
1097 586 1128 643 et
1146 580 1219 644 inde
1233 582 1378 647 sacerdos

306 668 458 733 confusus
490 672 521 730 et
552 667 674 730 derisus
705 669 746 731 ab
779 669 929 732 omnibus
959 668 1059 732 crivit
1115 669 1212 744 Quod
1245 672 1378 735 audiens

307 759 481 840 episcopus,
504 756 604 819 voluit
624 757 738 819 habere
755 757 796 821 de
812 763 991 839 contempto
1004 764 1154 839 quantum
1178 760 1256 823 alius
1279 762 1377 824 habu-

308 852 372 911 erat
394 846 434 909 de
455 846 555 909 archa
601 846 673 908 Hoc
700 846 774 909 ideo
793 846 869 922 dixi,
899 852 933 909 ut
954 847 1079 910 videant
1104 848 1232 911 adulteri
1263 856 1377 929 quanta

246 958 286 1004 oen
308 937 366 999 erit
387 936 433 999 eis
454 935 607 1012 conlusio,
636 953 709 997 cum
735 954 840 998 coram
868 940 935 999 toto
966 937 1087 999 mundo
1117 942 1238 1018 peccata
1266 956 1375 1001 corum

308 1024 552 1088 denudabuntur
581 1028 612 1086 et
639 1024 882 1103 confundentur,
911 1030 943 1087 et
971 1026 1064 1089 derisi
1094 1028 1134 1089 ab
1165 1027 1314 1091 omnibus
1343 1028 1376 1091 in

308 1114 465 1177 internum
487 1112 688 1177 deducentur.

683 1264 735 1319 4⁰.
775 1256 830 1337 [=
853 1256 884 1321 s
906 1258 994 1337 nn]

397 1379 513 1444 Audivi
528 1380 615 1461 quod
635 1380 762 1460 quidam
785 1382 939 1459 monachi,
961 1382 1118 1444 venientes
1132 1382 1171 1444 ad
1187 1382 1377 1462 saladinum,

310 1470 491 1551 inceperunt
512 1488 584 1533 eum
607 1487 736 1533 monere
756 1470 797 1532 ad
819 1470 1063 1535 conversionem.
1103 1471 1155 1533 llle
1176 1476 1277 1535 autem
1301 1492 1376 1553 quc-

246 1579 286 1625 ono
310 1559 381 1623 sivit
402 1558 442 1622 de
465 1558 614 1638 religione
636 1577 755 1636 eorum,
782 1559 823 1621 de
844 1558 925 1622 victu
946 1564 976 1623 et
996 1558 1192 1636 abstinencia,
1222 1566 1251 1624 et
1273 1562 1299 1625 si
1322 1563 1376 1626 ab

310 1648 458 1711 stinerent
478 1666 497 1710 a
518 1647 662 1711 carnibus
684 1652 714 1711 et
734 1667 754 1711 a
772 1648 955 1711 mulieribus
970 1652 1000 1711 et
1013 1666 1032 1711 a
1046 1648 1133 1726 vino;
1157 1648 1211 1729 qui
1234 1649 1378 1714 dixcmnt

313 1736 422 1817 [quod]
447 1755 466 1799 a
487 1736 632 1800 carnibus
660 1742 690 1799 et
719 1737 902 1800 mulieribus
929 1738 1130 1815 abstinebant,
1162 1756 1181 1801 a
1202 1738 1276 1802 vino
1299 1758 1376 1804 non.

311 1825 376 1901 Qui
399 1825 512 1906 recepit
533 1843 588 1889 eos
611 1826 792 1902 honorilice,
814 1830 844 1889 et
857 1826 929 1889 iecit
948 1826 1046 1906 parari
1062 1826 1189 1889 delicata
1203 1827 1375 1891 secundum

312 1933 431 1979 morem
461 1932 584 1993 eorum,
613 1916 681 1977 sine
710 1915 800 1993 vino;
834 1918 876 1993 et,
907 1934 977 1978 cum
1009 1915 1191 1993 dormirent,
1222 1916 1303 1979 misit
1332 1918 1379 1981 eis

245 2023 288 2069 sau
312 2004 449 2067 mulieris
470 2003 510 2067 ad
525 2004 751 2067 sollicitandum
774 2022 838 2067 eos
875 2004 937 2085 lpsi
958 2008 1060 2067 autem
1084 2022 1135 2067 eas
1156 2022 1175 2067 a
1196 2022 1230 2068 se
1252 2006 1379 2069 viriliter

310 2094 488 2173 abegerunt
535 2093 611 2155 Post
631 2093 822 2173 aliquantum
845 2094 1002 2174 temporis,
1025 2112 1096 2157 cum
1120 2094 1337 2158 abstinuissent
1358 2113 1377 2158 a

311 2182 393 2259 vino,
416 2182 487 2244 fecit
508 2182 553 2245 eis
575 2182 674 2262 parari
696 2182 801 2245 minus
822 2183 961 2259 delicale;
984 2188 1085 2245 tamen
1109 2183 1216 2245 vinum
1240 2183 1310 2246 iecit
1332 2184 1378 2247 eis

311 2271 469 2352 propinari
499 2270 709 2334 fortissimum.
755 2271 801 2333 llli
827 2276 939 2349 autem,
969 2272 1043 2351 quia
1064 2290 1083 2333 a
1105 2272 1180 2335 vino
1203 2272 1257 2334 diu
1284 2272 1376 2336 absti-

311 2364 447 2438 nuerant,
469 2359 590 2423 avidius
613 2360 765 2436 biberunt,
789 2378 854 2423 non
877 2364 1080 2440 temperantes
1095 2361 1203 2423 vinum
1227 2366 1261 2423 ut
1283 2378 1375 2443 opor-

173 2530 175 2532 ι
247 2449 423 2527 1oootuisset,
457 2468 515 2511 nec
547 2454 793 2530 temperaverunt
824 2468 858 2513 se
891 2468 911 2511 a
944 2450 1033 2526 vino;
1071 2450 1135 2527 sed,
1170 2468 1239 2513 cum
1276 2456 1377 2515 essent

176 2543 183 2598 1
311 2538 450 2602 inebriati
473 2542 504 2600 et
525 2539 611 2618 quasi
628 2538 789 2618 consopiti,
813 2538 895 2601 misit
917 2537 957 2600 ad
980 2556 1034 2601 eos
1057 2540 1202 2601 mulieres
1217 2539 1319 2616 dietas,
1343 2540 1375 2602 in

176 2603 183 2694 i
312 2627 426 2707 quibus
448 2627 679 2690 sollicitantibus
702 2628 895 2690 incurrerunt
909 2627 1046 2708 absorpti
1062 2628 1149 2691 vino:
1174 2628 1257 2690 unde
1276 2626 1378 2691 dictus

175 2701 183 2888 i
312 2716 496 2779 Sarracenus
517 2717 684 2780 confutavit
706 2735 769 2780 eos.

176 2891 183 2940 l

685 2868 736 2923 n.
776 2858 830 2939 [ε
854 2858 884 2922 s.
909 2859 994 2939 os]

402 2983 525 3063 Legitur
553 2982 585 3045 in
615 2983 750 3063 antiquis
778 2984 915 3047 historiis
945 2988 975 3046 et
1004 2983 1136 3047 cronicis
1166 2983 1252 3062 quod
1276 2981 1375 3045 Adam

250 3087 304 3133 rou
312 3089 404 3135 senex
426 3076 541 3152 guttam
572 3073 753 3153 patiebatur;
783 3078 813 3135 et
835 3073 918 3137 misit
947 3072 1045 3136 filium
1069 3090 1161 3135 suum
1186 3071 1313 3135 Sethum
1336 3070 1375 3134 ad

312 3161 488 3223 orientalem
513 3161 643 3241 plagam,
665 3162 705 3224 ad
728 3167 848 3243 portam
872 3162 1003 3243 paradisi
1027 3160 1183 3238 terrestris,
1207 3165 1241 3223 ut
1256 3164 1379 3240 rogaret

311 3250 465 3330 angelum,
492 3250 651 3313 custodem
675 3251 750 3330 ejus,
780 3256 815 3314 ut
836 3251 922 3313 daret
944 3250 1002 3313 sibi
1026 3250 1066 3313 de
1089 3250 1160 3313 oleo
1184 3250 1231 3311 vel
1256 3249 1376 3328 liquore

313 3343 453 3402 manante
475 3340 516 3402 de
537 3340 649 3403 arbore
671 3340 888 3417 misericordie,
913 3357 1006 3419 quam
1030 3338 1147 3401 viderat
1169 3338 1200 3400 in
1225 3336 1377 3418 paradisn,

313 3431 346 3489 ut
367 3427 407 3491 de
429 3427 483 3491 illo
513 3428 633 3507 liquore
662 3434 830 3509 ungeretur
859 3434 888 3491 et
918 3432 1081 3491 curaretur.
1127 3426 1188 3490 Cui
1218 3425 1378 3507 respondit

251 3530 304 3577 1010
312 3517 440 3596 angelus
461 3517 548 3597 quod
571 3517 685 3581 diceret
706 3519 782 3599 patri
802 3517 887 3598 quod
905 3521 1074 3598 expectaret
1096 3516 1243 3597 patienter
1265 3532 1377 3595 usque-

312 3622 376 3683 quo
405 3606 522 3669 veniret
552 3606 702 3684 Christus,
737 3608 790 3686 qui
822 3606 981 3671 credentes
1014 3606 1046 3667 in
1081 3624 1114 3668 se
1146 3608 1275 3685 ungeret
1305 3603 1378 3667 oleo

313 3693 519 3758 misericordie
542 3713 605 3774 sue,
629 3714 684 3775 per
698 3696 787 3774 cujus
801 3696 978 3759 unctionem
995 3699 1234 3775 consequeretur
1249 3692 1375 3756 salutem
1485 3748 1503 3769 ,

178 3813 182 3822 ·
312 3786 455 3849 eternam.
501 3784 624 3847 lnstanti
657 3789 758 3847 autern
793 3784 865 3849 Seth
900 3785 1043 3865 precibus
1077 3788 1107 3846 et
1140 3783 1262 3845 fletibus
1292 3780 1379 3842 dedit

181 3875 193 3938 ²!
313 3889 432 3934 ramum
456 3872 538 3935 illius
560 3874 687 3951 arboris,
718 3892 811 3953 quem
844 3878 928 3954 pater
958 3890 1034 3937 suus
1063 3871 1207 3952 plantavit
1237 3870 1268 3931 in
1298 3872 1376 3931 terra

251 3961 536 4039 1015promissionis,
568 3967 597 4025 et
626 3963 720 4025 crevit
749 3963 780 4024 in
810 3964 953 4026 arborem
985 3961 1154 4024 mirabilem
1161 3982 1168 4037 ;
1204 3975 1273 4037 que,
1304 3974 1374 4019 cum

189 4065 208 4118 a
312 4048 419 4112 fuisset
454 4050 563 4127 accisa,
602 4050 768 4115 Salomone
802 4052 963 4115 edificante
1000 4050 1163 4130 templum,
1201 4064 1271 4109 curn
1311 4062 1375 4108 non

198 4145 211 4203 't
314 4137 437 4201 haberet
464 4139 495 4201 in
526 4158 564 4203 eo
592 4140 704 4218 locum,
735 4140 805 4204 lecit
831 4140 871 4204 de
903 4158 937 4202 ea
969 4138 1195 4202 reclinatorium
1219 4134 1251 4197 in
1275 4152 1338 4198 eo¹
