3584 4884
715 430 935 489 ..99-

279 599 314 676 Si,
344 599 451 679 inquit,
485 618 507 664 o
534 620 604 680 rex,
638 619 729 666 nosse
759 603 854 682 cupis,
885 603 956 683 quis
986 603 1054 681 hoc,
1084 606 1155 666 tuos
1185 607 1288 666 custos
1319 621 1358 665 an

236 688 358 764 malins,
381 689 489 768 egerit,
516 691 600 754 iube
624 691 802 754 fasciculum
827 691 923 755 herbe
944 691 1052 754 viridis
1074 691 1106 754 in
1129 693 1237 754 turrim
1254 691 1358 754 inferri

279 778 474 858 supponique
500 779 627 859 ignem.
674 781 721 842 Tu
744 785 844 842 autern
873 785 972 846 serato
999 781 1080 844 ostio
1110 781 1217 843 turrim
1249 781 1358 844 iterum

277 869 362 946 atque
389 867 507 930 iterum
541 869 690 946 circueas,
723 869 959 945 considerando,
988 869 1015 932 si
1043 887 1099 949 per
1119 869 1254 949 aliquam
1278 871 1359 932 nturi

280 955 415 1018 rimulam
440 957 614 1020 fummum
639 957 743 1037 egredi
767 957 888 1021 videris.
929 959 1000 1022 Hoc
1013 958 1102 1035 facto,
1125 958 1164 1020 ad
1181 976 1231 1020 me
1254 958 1360 1022 redeas

280 1045 438 1108 consilium
464 1052 667 1127 accepturus,
691 1046 766 1126 quid
791 1051 861 1128 post
875 1047 932 1110 hec
954 1047 1008 1109 tibi
1031 1046 1187 1126 agendum
1210 1047 1257 1109 sit
1296 1046 1360 1115 Rex

237 1150 258 1196 sn
280 1137 374 1196 autem
398 1133 526 1198 dictum
552 1133 639 1199 senis
661 1135 835 1200 festinanter
855 1135 975 1216 impleri
992 1135 1103 1199 iubens
1118 1136 1225 1198 clausit
1246 1135 1359 1199 ostium

281 1227 307 1284 et
333 1224 413 1304 cepit
444 1225 564 1288 tacitus
595 1224 688 1287 turris
716 1225 866 1288 ambitum
897 1225 1035 1288 circuire.
1084 1225 1159 1287 Ecce
1188 1229 1290 1287 autern
1322 1242 1360 1286 ex

281 1311 374 1374 calore
398 1313 487 1392 ignis
509 1313 685 1392 viridisque
701 1314 823 1376 materie
840 1314 972 1378 humore
987 1313 1092 1376 furnus
1107 1314 1251 1376 excitatus
1266 1317 1359 1376 totam

282 1402 440 1480 usquead
466 1401 662 1465 testudinem
691 1402 816 1482 replevit
843 1403 960 1480 turrim,
992 1401 1144 1482 quidum
1168 1402 1360 1482 aliasspira·

282 1489 380 1552 culum
405 1509 476 1554 non
504 1491 642 1568 haberet,
673 1509 728 1571 per
756 1491 858 1554 locum
885 1486 989 1571 [15¹⁶]
1014 1491 1174 1554 foraminis
1201 1490 1291 1567 iilius,
1322 1507 1361 1553 eo

241 1595 261 1640 n
284 1579 363 1657 quod
388 1580 501 1660 lapide
534 1584 651 1643 tantum
675 1581 742 1644 sine
764 1585 904 1644 cemento
928 1580 1117 1644 obstructum
1141 1579 1247 1653 iuerat,
1275 1597 1361 1658 egre·

284 1667 367 1730 ditur.
417 1669 527 1744 Quod
559 1669 680 1732 intuens
710 1687 762 1731 rex
792 1669 922 1733 festinus
951 1668 1035 1732 venit
1065 1669 1104 1730 ad
1136 1686 1251 1744 senem,
1283 1666 1360 1746 quid

283 1755 387 1820 viderit
416 1758 606 1821 manifestat.
651 1757 790 1821 Audiens
820 1759 880 1821 hoc
908 1775 1015 1821 senex:
1046 1756 1139 1833 Scias,
1170 1757 1218 1834 ait,
1248 1775 1269 1820 o
1300 1775 1361 1834 rex,

284 1845 363 1909 tures
385 1847 446 1910 tibi
474 1851 548 1910 tuos
576 1865 631 1926 per
653 1846 765 1923 locum,
796 1846 849 1910 nbi
880 1847 987 1909 fumus
1016 1845 1172 1926 egreditur
1199 1845 1360 1908 abstulisse

284 1934 462 2015 thesauros,
504 1953 585 2014 quos
618 1935 676 1998 nisi
710 1935 813 2015 aliqua
846 1939 909 1999 arte
943 1936 1057 2016 capias,
1090 1934 1176 2015 quod
1210 1940 1360 2014 superest,

241 2040 263 2084 n
284 2026 502 2104 asportabunt.
548 2025 621 2088 Non
651 2025 734 2087 enirn
766 2025 939 2102 cessabunt,
970 2024 1086 2105 quippe
1116 2024 1231 2103 quibus
1261 2023 1363 2086 adhuc

285 2131 439 2194 prospere
476 2113 565 2176 cessit
599 2131 661 2191 res,
694 2112 798 2176 donec
831 2117 928 2176 toturn
963 2114 1140 2176 thesaurum
1175 2112 1361 2175 exhauriant

286 2201 355 2265 Meo
384 2203 490 2282 igitur
513 2206 612 2266 uteres
641 2201 780 2278 consilio,
811 2201 982 2282 dampnum
1013 2201 1172 2264 dissimula
1199 2206 1229 2264 et
1256 2219 1362 2282 preme

287 2290 423 2368 silentiO,
448 2309 489 2354 ne
512 2309 636 2354 rumore
660 2291 720 2354 hoc
742 2309 798 2372 per
819 2309 909 2354 aures
931 2291 1039 2371 populi
1063 2291 1252 2354 discurrente
1273 2294 1360 2352 tuum

288 2379 416 2444 furibus
439 2380 576 2442 studium
601 2380 775 2458 innotescat,
806 2384 836 2442 et
857 2384 889 2442 tu
914 2380 1035 2442 interim
1063 2397 1196 2460 cuppam
1221 2380 1310 2441 latam
1333 2383 1363 2441 et

244 2485 266 2530 so
290 2467 483 2548 profundam
512 2468 618 2530 calenti
643 2469 737 2549 imple
767 2468 925 2547 bitumine,
956 2469 1063 2546 resina,
1095 2469 1162 2548 pice
1185 2473 1214 2530 et
1235 2468 1361 2548 glutine,

290 2576 385 2637 quam
412 2557 557 2620 foramini
581 2557 731 2620 introrsus
753 2574 904 2638 opponas,
933 2566 966 2619 ut
988 2557 1064 2620 durn
1086 2557 1138 2619 fur
1161 2575 1247 2620 more
1270 2557 1362 2620 solito

290 2664 422 2710 securus
438 2645 554 2708 nullam
567 2645 779 2726 deceptionem
795 2647 956 2726 suspicans
966 2646 1006 2708 ad
1017 2651 1172 2710 assuetum
1185 2647 1361 2709 thesaurum

291 2735 464 2812 recurrerit,
489 2739 611 2815 repente
627 2735 658 2796 in
675 2753 807 2815 cuppam
824 2739 953 2813 corruat,
977 2740 1144 2815 captusque
1159 2739 1189 2798 et
1203 2736 1363 2814 colligatus

292 2825 413 2904 glutine
435 2841 469 2887 se
491 2823 546 2887 tibi
562 2823 633 2888 velit
649 2823 726 2887 nolit
741 2823 771 2886 in
794 2824 958 2886 crastinum
974 2825 1153 2887 manifestet.
1186 2824 1364 2886 Admiratur

246 2929 269 2975 sn
293 2933 347 2976 rex
363 2917 498 2976 astutum
514 2913 596 2976 senis
612 2913 784 2989 consilium,
808 2931 941 2993 cuppam
962 2913 1044 2976 illico
1058 2913 1186 2976 ferventi
1202 2912 1363 2993 impletans

293 3003 413 3082 glutine
449 3001 579 3082 opponit
612 3001 757 3065 foramini
787 3006 950 3082 seratoque
979 3002 1059 3064 ostio
1090 3001 1234 3065 abscedit
1288 3001 1363 3063 Ecce

294 3095 396 3155 autern
429 3091 526 3154 fatalis
564 3091 615 3153 illa
648 3090 727 3168 dies,
766 3109 827 3170 que
861 3091 1016 3153 neminem
1052 3091 1170 3154 bonurn
1210 3089 1364 3152 malumve

295 3180 427 3260 preterit,
452 3179 606 3256 misemm,
630 3184 746 3260 patrem
766 3197 836 3242 cum
861 3179 927 3242 tilio
950 3179 1057 3242 eadem
1082 3183 1170 3243 nocte
1193 3178 1232 3240 ad
1255 3179 1363 3241 turrim

296 3267 431 3346 adduxit,
456 3273 638 3348 remotoque
660 3287 678 3330 a
701 3269 852 3332 foramine
871 3268 972 3348 lapide
988 3269 1077 3330 intrat
1092 3272 1183 3349 pater,
1207 3267 1300 3330 nichil
1324 3266 1364 3330 de

248 3373 271 3418 o
296 3357 446 3437 pretensis
476 3356 592 3436 laqueis
622 3357 799 3436 suspicatus,
834 3357 974 3437 dumque
1004 3357 1132 3434 festinat,
1167 3361 1200 3418 ut
1230 3356 1304 3434 heri,
1336 3361 1365 3419 et

296 3446 412 3509 nudius
435 3446 540 3509 tertius
563 3447 595 3508 in
619 3446 829 3526 pavimentum
845 3447 943 3524 salire,
967 3447 1106 3510 incautus
1130 3446 1223 3508 miser
1245 3450 1278 3507 ut
1301 3450 1364 3508 erat

295 3536 422 3598 vestitus
445 3534 685 3614 caltilciatusque
708 3553 838 3615 cuppam
864 3540 1057 3600 mentotenus
1079 3535 1180 3612 insilit,
1203 3535 1366 3614 statimque

296 3625 425 3687 vallatus
448 3624 564 3703 glutine
588 3623 726 3686 redditur
749 3624 926 3703 immobilis,
957 3626 996 3688 ita
1023 3629 1056 3687 ut
1079 3642 1136 3686 nec
1158 3642 1284 3686 manum
1309 3643 1366 3688 nec

296 3712 408 3793 pedem
444 3713 492 3775 vel
526 3713 653 3792 aliquod
689 3714 900 3777 membrorum
939 3732 1064 3778 movere
1102 3717 1205 3794 posset
1242 3718 1366 3793 excepta

248 3817 271 3864 nn
297 3802 411 3882 lingua,
436 3820 497 3881 que
513 3805 628 3864 tanturn
652 3802 692 3865 ab
716 3802 772 3865 hac
795 3803 906 3864 iniuria
929 3803 1023 3865 libera
1046 3806 1238 3864 remanserat
1278 3803 1365 3881 lnge-

298 3892 430 3954 miscens
453 3891 546 3970 igitur
567 3891 680 3953 infelix¹
695 3891 793 3953 filiurn
810 3890 946 3968 advocat,
970 3891 1104 3953 insinuat
1118 3891 1233 3970 quibus
1249 3890 1366 3970 laqueis

297 3984 435 4043 teneatur
456 3979 602 4057 astrictus,
633 3985 705 4058 orat,
737 3984 770 4042 ut
792 3981 819 4042 ei
844 3979 903 4042 cito
930 3984 1092 4059 antequam
1126 3979 1237 4058 aliquis
1259 3997 1365 4058 super-

297 4069 405 4146 veniat,
430 4071 522 4148 caput
543 4073 678 4149 amputet
693 4072 722 4132 et
735 4068 885 4146 abscedat,
912 4068 1012 4148 [152³]
1038 4086 1078 4130 ne
1101 4068 1179 4131 forte
1202 4085 1257 4147 per
1276 4072 1366 4146 caput

298 4157 441 4237 cognitus
465 4161 598 4219 eternam
627 4175 685 4220 suo
715 4159 819 4238 generi
849 4157 997 4220 maculam
1030 4157 1139 4218 inferat
1160 4160 1190 4218 et
1212 4155 1366 4217 iacturam.

1205 4271 1241 4324 7.
