3584 4884
810 436 1058 493 -200-

400 606 552 686 sacerdos,
583 607 687 689 palum
710 606 842 686 elevans,
875 610 905 670 et
928 607 1044 671 intrans
1067 625 1155 672 more
1177 607 1277 687 solito,
1309 608 1417 672 cecidit
1439 610 1471 672 in
1663 658 1664 663 ,

401 696 532 775 loveam,
562 701 592 761 et
620 697 714 778 lupus
742 714 814 759 eum
842 713 986 776 sequens.
1032 695 1177 760 Similiter
1199 697 1336 776 domina,
1369 700 1473 762 moras

346 803 388 850 ou
403 804 468 851 non
490 786 601 864 terens,
624 785 714 848 mittit
736 785 910 866 pediseoam
934 784 973 848 ad
996 785 1194 864 sacerdotem,
1218 786 1287 849 lacti
1307 786 1472 865 consciam,
1596 765 1626 874 ’ζμ
1661 808 1664 823 ¹

401 894 464 955 que
478 874 618 939 similiter
631 872 740 938 cecidit
758 874 790 937 in
805 874 938 938 foveam.
977 875 1123 953 Domina,
1147 892 1250 938 moras
1273 892 1338 939 non
1362 875 1472 953 terens,
1596 878 1625 967 f,

401 964 574 1045 pediseoum
606 962 724 1027 habens
754 967 928 1044 suspectam
959 963 999 1026 de
1029 963 1194 1042 sacerdote,
1227 964 1311 1027 vadit
1341 964 1415 1028 illuc
1444 969 1474 1028 et
1593 976 1632 1047 „a

401 1052 482 1117 ondit
503 1070 574 1117 cum
597 1051 674 1116 aliis.
721 1052 814 1115 Mane
836 1056 938 1115 autem
955 1052 1043 1131 lacto,
1068 1052 1155 1116 miles
1174 1052 1334 1116 inveniens
1350 1054 1472 1132 lactum,

401 1145 567 1205 convocata
596 1145 659 1205 tota
689 1140 808 1217 vicinia,
846 1140 961 1205 tactum
996 1141 1146 1222 exposuit,
1181 1144 1211 1204 et
1244 1158 1298 1205 eos
1332 1143 1473 1206 emittens
1593 1111 1635 1229 (a,

347 1247 388 1293 suo
403 1247 505 1294 coram
533 1229 683 1294 omnibus
704 1228 853 1294 contudit
899 1229 951 1294 Sic
980 1246 1091 1293 omnes
1120 1229 1249 1294 adulteri
1280 1230 1330 1311 [et]
1361 1249 1472 1312 procu-
1590 1219 1644 1290 td

402 1323 524 1396 ratores,
554 1318 657 1400 primo
679 1317 822 1382 cadentes
849 1319 881 1381 in
910 1318 1032 1381 foveam
1059 1319 1181 1400 peccati,
1213 1318 1328 1382 deinde
1351 1318 1471 1397 interni,

401 1426 419 1471 a
436 1408 505 1471 Deo
521 1407 553 1470 in
575 1406 693 1487 judicio
708 1424 812 1471 coram
832 1407 981 1471 omnibus
1001 1408 1175 1471 emittentur
1190 1411 1219 1471 et
1233 1408 1473 1473 confundentur.
1593 1417 1598 1426 '

777 1538 829 1597 aa.
869 1532 924 1612 [ε
948 1532 978 1596 s.
1003 1533 1089 1613 404.]

492 1640 565 1704 Item
588 1638 693 1703 audivi
715 1657 734 1701 a
756 1637 894 1719 quodam
918 1638 980 1704 alio
1008 1638 1098 1703 lratre
1121 1639 1217 1721 quod,
1249 1659 1320 1705 curn
1344 1641 1473 1721 quidam

402 1728 576 1793 sollicitaret
605 1746 734 1792 uxorem
765 1727 926 1808 cuiusdam
955 1728 1128 1809 burgensis,
1161 1746 1218 1793 nec
1249 1748 1354 1810 pacem
1379 1730 1472 1808 daret,

347 1833 390 1880 aas
404 1818 455 1882 illa
476 1816 662 1899 significavit
684 1817 745 1881 hoc
767 1817 835 1880 viro
857 1834 930 1895 suo;
962 1834 1032 1897 que,
1063 1816 1103 1880 de
1126 1817 1257 1881 consilio
1281 1818 1346 1896 viri,
1377 1818 1473 1899 signi-

402 1906 665 1987 licavileiquod
689 1905 795 1969 indie
827 1906 911 1988 pleni
943 1906 1002 1970 lori
1030 1906 1150 1969 veniret
1180 1906 1371 1971 balneandus
1401 1926 1472 1971 cum

402 2014 446 2075 ea,
481 1996 554 2077 quia
577 2000 650 2059 tunc
679 1996 727 2058 vir
748 2012 825 2059 suus
852 1999 916 2058 erat
946 1994 1079 2059 intentus
1109 1996 1264 2059 mercibus
1292 1996 1472 2061 vendendis.

403 2084 468 2159 Qui
492 2083 600 2166 paruit,
632 2084 663 2147 in
687 2083 832 2147 balneum
855 2083 916 2148 sibi
945 2088 1083 2165 paratum
1108 2084 1231 2163 intranS,
1264 2085 1314 2148 illa
1336 2086 1473 2149 tardante

403 2174 527 2251 intrare,
565 2173 653 2253 quasi
692 2190 751 2255 pro
789 2172 921 2254 prandio
953 2172 1099 2253 parando.
1156 2174 1247 2237 Venit
1279 2174 1339 2251 vir,
1373 2174 1474 2237 sciens

347 2277 389 2323 auo
404 2262 526 2341 lactum,
548 2261 708 2325 adduoens
730 2279 835 2325 secum
859 2262 987 2325 multos:
1021 2260 1083 2342 [illa
1105 2262 1245 2342 alterum]
1272 2262 1341 2325 lecit
1363 2262 1474 2326 intrare

404 2350 524 2415 nudum
556 2350 587 2412 in
624 2350 751 2413 furnum
786 2350 829 2413 ibi
859 2350 1068 2431 coniunctum,
1107 2351 1253 2415 claudens
1283 2369 1319 2415 os
1351 2352 1471 2433 pannis.

403 2440 458 2503 Vir
478 2439 594 2519 accepit
623 2438 768 2503 stramina
795 2443 823 2502 et
851 2439 944 2519 ligna,
976 2458 1096 2521 ponens
1126 2440 1230 2520 ignem
1253 2440 1293 2503 ad
1321 2458 1358 2503 os
1380 2440 1472 2518 lurni,

403 2527 508 2591 dicens
530 2526 617 2607 quod
641 2527 764 2591 volebat
792 2527 920 2591 furnum
944 2528 1107 2591 calefacere
1129 2528 1168 2591 ad
1196 2528 1350 2593 faciendas
1372 2533 1471 2593 tartas.

404 2616 501 2691 Quod
524 2615 634 2680 videns
656 2616 711 2696 qui
735 2616 817 2679 intus
840 2616 957 2695 latebat,
985 2636 1041 2698 per
1064 2616 1181 2681 medias
1203 2618 1345 2681 flammas
1369 2618 1472 2681 nudus

348 2719 390 2766 aaa
404 2712 434 2770 et
455 2706 620 2769 semiustus
643 2705 774 2787 prosiliit
793 2704 825 2767 in
846 2705 1016 2787 publicum,
1040 2706 1201 2786 fustigatus
1224 2725 1294 2770 cum
1318 2705 1473 2771 derisione

403 2800 433 2859 et
454 2795 570 2858 ulutatu
595 2813 650 2876 per
671 2794 785 2858 lorum.

779 2908 829 2966 39.
870 2900 979 2980 1=s.
1004 2902 1091 2981 vos]

493 3011 567 3073 item
595 3009 627 3071 in
657 3008 773 3073 diocesi
797 3008 1052 3089 Graciopolitano
1080 3008 1196 3084 accidit,
1226 3012 1352 3072 testante
1381 3009 1472 3072 tratre

405 3098 532 3163 Cabrito
569 3102 599 3160 et
635 3101 801 3175 asserente,
840 3097 926 3177 quod
965 3097 1092 3177 quidam
1131 3096 1275 3161 sacerdos
1312 3097 1473 3161 adamabat

404 3187 571 3268 quamdam
609 3204 739 3250 uxorem
778 3186 938 3266 cujusdam
973 3186 1152 3267 carpentarii
1190 3186 1368 3264 archarum;
1407 3204 1471 3267 quo

349 3297 391 3343 oro
406 3277 539 3353 absente,
562 3292 632 3339 cum
657 3280 801 3355 peccaret,
824 3276 908 3338 venit
923 3274 962 3337 ad
979 3276 1092 3338 ostium
1116 3275 1171 3337 vir.
1206 3274 1356 3339 Sacerdos
1371 3280 1471 3355 stupe-

405 3365 502 3428 tactus
524 3364 646 3428 archam
679 3381 823 3444 magnam
853 3364 895 3427 ibi
920 3368 1053 3445 paratam
1078 3364 1206 3442 intravit,
1237 3382 1330 3444 quam
1362 3365 1472 3427 mulier

404 3451 519 3517 clausit
564 3452 620 3516 Vir
642 3453 767 3531 intrans,
797 3453 907 3516 videns
930 3453 970 3515 de
997 3470 1051 3517 ora
1078 3452 1170 3515 vestis
1197 3452 1363 3516 sacerdotis
1390 3457 1472 3516 extra

404 3541 637 3621 aliquantulum,
660 3540 770 3604 dolum
794 3542 964 3622 perpendit,
992 3546 1028 3620 et,
1056 3542 1326 3622 clave—assumpta,
1348 3542 1471 3605 archam

404 3630 522 3695 seravit.
572 3630 740 3711 Applicans
773 3648 893 3693 carrum
929 3631 1026 3694 boum
1062 3636 1091 3693 et
1124 3648 1238 3694 vocans
1272 3630 1398 3709 vicinos,
1432 3630 1471 3693 ad

350 3739 391 3786 su
405 3720 509 3783 torum
537 3718 629 3797 ducit
659 3719 714 3782 ubi
738 3719 864 3798 quidam
895 3720 1013 3783 amicus
1040 3719 1114 3799 ejuS,
1145 3719 1244 3782 sciens
1272 3718 1393 3797 lactum,
1423 3719 1471 3783 cui

405 3807 602 3871 mandaverat
623 3807 768 3872 sacerdos
798 3827 868 3871 cum
893 3808 1019 3872 occultis
1042 3808 1217 3887 intersignis
1240 3808 1325 3888 quod
1349 3808 1472 3873 archam

405 3901 518 3962 emeret
539 3901 569 3960 et
598 3914 669 3960 eum
700 3897 849 3976 liberaret
880 3898 1007 3960 veniens
1034 3896 1073 3960 ad
1103 3897 1216 3973 lorum,
1247 3897 1320 3959 emit
1348 3898 1471 3960 archam

406 3986 508 4069 precio
542 3986 650 4067 viginti
685 3986 842 4049 librarum.
901 3986 954 4049 llle
987 3986 1042 4065 qui
1076 3985 1236 4063 vendebat,
1275 4002 1401 4051 securus
1432 3986 1472 4049 de

405 4076 517 4156 precio,
548 4075 667 4139 dicebat
693 4076 780 4155 quod
809 4091 873 4138 non
905 4074 1083 4138 vendiderat
1112 4074 1198 4153 quod
1232 4073 1314 4137 intus
1336 4074 1472 4137 contine-

350 4165 506 4242 oeobaturJ
530 4163 623 4242 unde,
647 4181 717 4227 cum
740 4164 780 4226 ad
804 4163 898 4226 verba
922 4162 971 4225 hic
994 4162 1067 4225 inde
1082 4166 1299 4225 concurrerent
1314 4162 1368 4241 qui
1388 4168 1473 4225 erant
