3584 4884
839 435 1081 491 —128-

427 611 509 670 tuam
526 607 711 669 volunlatem
735 611 764 668 te
787 606 938 668 dimittere
952 606 1056 669 volare
1072 605 1179 669 volo!u
1217 605 1278 668 Cui
1295 606 1496 686 phylomena:

430 697 541 762 „Nunc
569 714 626 776 pro
653 700 735 758 certo
766 695 882 758 fatuum
907 701 935 757 te
959 713 1026 757 esse
1048 695 1194 774 cognoui.
1242 695 1322 757 Nam
1355 714 1393 756 ex
1427 695 1496 773 hiis,

428 803 488 864 que
511 785 565 847 tibi
590 784 661 862 dixi,
694 784 813 846 nullum
838 784 1009 864 protectum
1033 784 1106 846 inde
1134 783 1275 861 habuisti,
1308 784 1381 862 quia
1403 788 1433 846 et
1456 785 1496 846 de

373 891 414 938 aad
429 892 478 936 me
502 873 619 954 perdita
641 873 695 936 sed
720 873 946 953 irrecuperabili
965 872 1054 936 doles
1076 877 1106 936 et
1129 891 1178 935 me
1201 891 1309 952 capere
1332 891 1388 952 per
1411 873 1496 935 rethe

426 962 585 1042 temptasti,
617 980 687 1025 cum
712 979 847 1041 nequeas
871 980 921 1024 me
943 980 1063 1042 capere,
1098 966 1128 1024 et
1150 962 1277 1042 insuper
1300 961 1496 1040 margaritam

427 1056 487 1113 tam
511 1050 658 1130 grandem
683 1051 714 1112 in
739 1051 815 1113 meis
838 1050 1008 1113 visceribus
1030 1068 1097 1113 esse
1115 1050 1245 1126 credisti,
1269 1069 1340 1112 cum
1357 1068 1417 1129 ego
1433 1055 1497 1113 tota

426 1139 465 1202 ad
490 1139 619 1203 modum
644 1139 696 1202 oui
720 1139 883 1202 strucionis
907 1157 971 1202 non
991 1140 1107 1201 valeam
1132 1139 1261 1219 per-(BL
1279 1147 1320 1202 42
1329 1139 1496 1218 attingere.

428 1228 542 1292 Stultus
572 1247 604 1291 es
632 1233 661 1291 et
691 1228 722 1290 in
757 1228 885 1291 stulticia
916 1233 968 1290 tua
996 1246 1119 1309 semper
1149 1227 1352 1308 permanebis.
1361 1243 1375 1269 ¹¹
1426 1229 1497 1291 iliis

373 1335 413 1380 rm
429 1317 515 1380 dictis
538 1318 683 1380 auolauit.
731 1318 838 1380 Homo
862 1317 972 1380 dolens
1001 1321 1031 1380 et
1061 1317 1153 1379 tristis
1179 1316 1218 1378 ad
1246 1316 1377 1379 domum
1405 1334 1496 1380 suam

427 1411 471 1470 est
497 1423 647 1470 reuersus

775 1599 852 1681 Cap.
881 1603 940 1663 115
968 1600 1027 1679 (Bl.
1052 1600 1146 1678 43r.).

677 1720 721 1776 De
738 1720 874 1778 vnicornu
894 1723 920 1776 et
938 1722 1023 1790 puteo
1042 1722 1069 1776 et
1087 1724 1236 1792 peccatore

518 1851 654 1914 Barlaam
678 1853 785 1926 nahal,
809 1848 895 1929 quod
919 1855 1059 1930 peccator
1078 1853 1123 1911 est
1145 1849 1253 1912 similis
1277 1849 1405 1927 homini,
1430 1850 1496 1930 qui,

427 1958 498 2002 cum
522 1940 640 2002 timeret
662 1939 851 2016 unicornem,
880 1939 988 2002 cecidit
1011 1939 1042 2000 in
1071 1938 1235 2000 baratrum.
1282 1938 1367 1999 Dum
1390 1943 1496 2001 autem

428 2029 554 2106 caderet,
578 2028 766 2091 arbustulam
790 2027 945 2107 quandam
968 2026 1171 2108 apprehendit
1194 2027 1346 2104 manibus,
1370 2045 1432 2106 que
1455 2027 1498 2090 de

373 2135 414 2180 aas
428 2117 528 2180 fundo
562 2117 751 2195 ascendebat,
791 2123 819 2179 et
852 2117 1003 2196 aspicieus
1037 2116 1165 2178 inferius
1198 2115 1275 2177 vidit
1308 2115 1347 2177 ad
1382 2115 1496 2196 pedem

427 2206 546 2269 arboris
570 2210 695 2286 puteum
711 2205 899 2268 teterrimum
916 2209 945 2267 et
967 2205 1131 2268 draconem
1155 2204 1334 2268 horribilem
1350 2205 1496 2267 arborem

428 2295 599 2373 cingentem
623 2293 741 2357 eteius
765 2311 868 2357 casum
885 2312 940 2356 ore
962 2298 1067 2374 aperto
1091 2297 1322 2374 exspectantem.
1359 2293 1499 2357 Duobus

427 2387 527 2444 autem
564 2383 712 2458 muribus,
748 2400 882 2462 quorum
914 2401 994 2446 vnus
1023 2387 1087 2445 erat
1114 2383 1204 2445 albus
1234 2386 1263 2444 et
1292 2382 1368 2444 alter
1398 2383 1495 2462 niger,

427 2471 570 2534 arborem
606 2471 790 2534 incessanter
824 2471 1061 2534 corrodentibus
1095 2471 1126 2533 in
1163 2470 1264 2534 radice
1297 2471 1393 2534 sensit
1425 2490 1495 2534 eam

373 2578 414 2624 500
429 2559 577 2622 vacillare.
623 2561 663 2623 lV
693 2577 820 2639 quoque
850 2560 955 2640 vipere
984 2561 1093 2622 albea
1123 2561 1203 2637 base,
1234 2561 1352 2639 inqua
1382 2560 1495 2640 pedem

428 2649 542 2726 linerat,
567 2649 766 2728 procedentes
788 2652 881 2711 totam
905 2649 1029 2711 foueam
1052 2649 1127 2711 flatu
1151 2667 1209 2711 suo
1233 2648 1392 2712 mortifero
1416 2649 1495 2712 toxi-

428 2738 545 2801 cabaut.
598 2738 729 2802 Eleuans
766 2741 866 2800 autem
906 2738 1031 2801 occulos
1064 2737 1141 2800 vidit
1178 2737 1291 2800 exitum
1326 2738 1424 2800 mellis
1455 2737 1497 2800 de

429 2845 515 2890 ramo
538 2827 657 2890 arboris
680 2827 825 2889 distillare
848 2827 1025 2906 oblitusque
1048 2827 1183 2907 periculi,
1212 2827 1244 2888 in
1268 2844 1332 2906 quo
1355 2826 1497 2906 vndique

429 2917 547 2998 positus
571 2921 640 2994 erat,
664 2915 820 2978 dulcedini
837 2916 919 2978 illius
934 2933 967 2978 se
981 2919 1079 2978 totum
1096 2916 1188 2978 dedit.
1227 2914 1375 2988 Quodam
1391 2919 1496 2978 autem

374 3024 415 3070 505
429 3007 529 3069 amico
563 3006 629 3069 eius
663 3005 831 3086 porrigenti
863 3005 922 3068 sibi
957 3005 1077 3083 scalam,
1112 3009 1144 3067 vt
1165 3003 1369 3084 egrederetur,
1404 3004 1497 3068 melle

429 3095 590 3158 delectatus
614 3095 729 3158 distulit
751 3100 780 3156 et
803 3094 929 3156 cadente
957 3094 1068 3157 arbore
1091 3093 1199 3156 cecidit
1226 3093 1257 3154 in
1281 3111 1318 3156 os
1340 3092 1496 3171 draconis,

430 3185 482 3264 qui
507 3184 695 3247 descendens
719 3185 750 3245 in
775 3187 901 3264 puteum
926 3183 968 3245 ibi
992 3201 1063 3245 eum
1087 3182 1257 3246 deuorauit

771 3377 846 3459 Cap.
874 3384 934 3440 118
961 3378 1021 3457 (Bl.
1047 3378 1144 3457 4411).

696 3498 739 3555 De
757 3498 917 3554 Alexandro
935 3502 962 3554 et
981 3497 1112 3569 Dyonide
1130 3498 1226 3570 pirata.

519 3627 620 3695 Refert
635 3627 815 3706 hugistinus
838 3627 877 3690 de
893 3628 1012 3690 ciuitate
1027 3627 1085 3704 dei,
1110 3627 1195 3707 quod
1213 3626 1374 3708 Dyonides
1390 3631 1496 3708 pyrata

429 3715 514 3795 galea
537 3735 598 3778 vna
621 3717 717 3796 longo
739 3720 877 3796 tempore
901 3717 932 3778 in
952 3717 1028 3778 mari
1045 3717 1188 3779 homines
1202 3716 1346 3796 spoliauit
1361 3720 1391 3778 et
1405 3716 1494 3796 cepit

375 3821 415 3868 510
431 3804 495 3879 Qui
519 3823 588 3867 cum
613 3805 716 3867 multis
740 3805 871 3867 nauibus
903 3805 988 3868 iussu
1011 3805 1187 3868 Allexandri
1218 3805 1325 3868 fuisset
1347 3805 1493 3884 quesitus,

429 3892 551 3956 tandem
591 3899 696 3975 captus
734 3897 779 3956 est
813 3898 842 3955 et
871 3893 1058 3956 Allexandro
1093 3898 1289 3974 presentatus,
1328 3893 1382 3973 qui
1421 3911 1493 3954 eum

430 3983 628 4063 interrogauit
664 3983 782 4046 dicens:
824 3981 949 4056 „Quare
987 4001 1070 4045 mare
1108 3987 1137 4045 te
1175 3983 1266 4045 habet
1303 3983 1490 4045 infestum?a

431 4072 600 4154 Respondit
622 4074 732 4135 statim:
764 4109 777 4139 1
785 4073 820 4134 Et
842 4090 937 4151 quare
960 4075 989 4134 te
1012 4072 1097 4134 orbis
1119 4073 1290 4134 terrarum?
1335 4070 1395 4134 Sed
1420 4070 1494 4150 quia

430 4180 489 4242 ego
513 4161 588 4223 illud
612 4180 672 4240 ago
702 4161 788 4240 galea
818 4178 885 4237 vna,
922 4160 997 4259 latro
1028 4177 1136 4222 vocor:
1170 4165 1203 4221 tu
1234 4177 1308 4222 vero
1338 4159 1492 4221 mundum
