3584 4884
836 450 1080 508 -170-

787 623 1127 704 mmmm]

513 748 625 811 Audivi
649 749 689 811 de
712 747 846 829 quadam
875 747 1003 810 muliere
1031 765 1092 827 que
1121 746 1366 826 conquerebatur
1388 764 1497 809 coram

424 837 526 917 iudice
548 836 588 899 de
609 837 722 916 juvene
744 836 798 917 qui
821 836 858 914 ei,
889 841 923 898 ut
945 835 1071 913 dicebat,
1102 834 1277 898 violentiam
1301 834 1443 898 intulerat
1466 838 1499 897 et

425 926 522 1006 ipsam
547 931 747 1006 oppresserat
789 926 915 1005 juvenis
937 930 1038 987 autem
1063 924 1200 1004 negabat
1240 923 1300 988 Cui
1322 924 1416 1003 iudex
1439 924 1496 986 ait:

370 1032 412 1077 ero
429 1015 498 1079 ‚Da
525 1015 568 1077 illi
599 1014 705 1078 decem
738 1032 853 1077 marcas
883 1013 1001 1094 argenti
1032 1017 1066 1075 ut
1087 1012 1251 1076 satisfacias
1281 1012 1320 1075 de
1350 1012 1498 1076 violentia

426 1122 519 1183 quam
543 1104 571 1166 ei
595 1104 750 1168 intulisti.t
788 1103 915 1177 Quibus
938 1102 1066 1183 receptis
1090 1102 1140 1164 illa
1163 1102 1303 1181 gaudens
1326 1101 1495 1165 recedebat.

425 1192 513 1255 Tunc
534 1191 629 1271 iudex
643 1193 684 1255 ait
697 1192 815 1271 iuveni:
842 1191 997 1271 „Sequere
1012 1210 1079 1253 earn
1096 1195 1126 1254 et
1139 1191 1225 1253 auter
1241 1190 1283 1253 illi
1301 1190 1492 1270 pecuniam.u

427 1281 479 1344 llla
501 1300 576 1344 vero
598 1282 678 1362 cepit
699 1281 817 1344 fortiter
840 1281 978 1344 resistere
1001 1284 1031 1342 et
1052 1280 1183 1343 clamare
1206 1280 1246 1342 ita
1268 1279 1363 1359 quod,
1392 1279 1495 1342 horni-

426 1368 519 1433 nibus
540 1371 777 1447 accurrentibus,
798 1370 921 1449 juvenis
936 1387 999 1432 non
1016 1369 1110 1431 valuit
1125 1368 1167 1430 illi
1189 1368 1349 1449 pecuniam
1366 1368 1495 1431 auterre.

371 1475 413 1521 crs
428 1458 510 1521 Cum
533 1464 634 1522 autem
662 1460 784 1539 juvenis
806 1463 836 1521 et
865 1458 977 1521 mulier
1004 1457 1229 1521 adducerentur
1251 1462 1321 1520 ante
1349 1455 1494 1536 judicem,

426 1547 503 1610 dixit
523 1548 630 1628 iudex:
664 1548 796 1612 „Mulier
818 1547 895 1627 quid
925 1547 1027 1625 habes,
1058 1546 1134 1626 quid
1163 1547 1248 1626 petis,
1279 1564 1373 1625 quare
1397 1544 1495 1608 modo

427 1637 466 1699 ita
488 1637 606 1701 fortiter
628 1636 820 1700 clamabas?¹¹
858 1636 919 1699 Cui
936 1636 998 1698 illa:
1025 1672 1038 1701 η
1046 1636 1191 1713 Domine,
1215 1634 1287 1714 quia
1303 1635 1358 1697 iste
1373 1634 1497 1697 volebat

427 1726 503 1788 milri
535 1726 713 1806 peccuniam
743 1726 861 1788 auterre
885 1724 939 1788 sed
970 1742 1029 1804 ego
1053 1724 1170 1787 fortiter
1200 1724 1291 1787 restiti
1315 1728 1345 1786 et
1366 1722 1494 1786 clamavi

427 1814 467 1877 ita
503 1814 590 1895 quod
630 1832 693 1878 non
732 1814 831 1896 potuit
869 1814 1051 1894 prevalere.u
1116 1812 1176 1876 Cui
1214 1813 1321 1891 judex:
1368 1810 1495 1880 „Redde

372 1922 414 1968 mo
429 1904 590 1983 pecuniam
613 1904 726 1983 juveni,
756 1904 782 1967 si
806 1903 888 1967 enim
918 1903 1003 1983 prius
1026 1902 1065 1965 ita
1092 1902 1211 1965 fortiter
1240 1918 1442 1981 repugnasses
1466 1904 1496 1963 et

428 1993 581 2069 clamares,
614 2011 774 2073 nunquam
805 1992 982 2073 opprimere
1015 1995 1043 2053 te
1074 1990 1229 2071 potuisset,
1268 1990 1321 2053 sed
1356 1994 1388 2051 tu
1424 1990 1495 2069 plus

428 2081 531 2161 diligis
554 2082 715 2163 pecuniam
738 2099 832 2162 quam
856 2081 1048 2143 castitatem.u
1091 2080 1126 2141 Et
1148 2079 1188 2141 ita
1209 2078 1330 2159 juvenis
1353 2097 1371 2140 a
1392 2077 1495 2157 iudice

428 2188 498 2233 cum
523 2171 653 2251 pecunia
675 2172 805 2234 recessit
1252 2196 1255 2207 ¹

788 2346 1129 2426 memmq

517 2488 694 2568 Aliquando
716 2492 818 2550 autem
849 2488 999 2551 demones
1027 2492 1146 2568 peccata
1177 2488 1340 2551 hominum
1363 2504 1495 2566 cognos

373 2581 530 2642 nocentes
552 2581 694 2640 accusant
715 2594 769 2639 eos
791 2581 825 2641 ut
846 2576 937 2639 morti
954 2576 1117 2654 tradantur,
1142 2581 1171 2639 et
1185 2576 1316 2657 spatium
1333 2574 1496 2656 penitentie

429 2685 492 2731 non
509 2670 748 2746 consequentum
772 2665 856 2728 unde
871 2665 975 2728 audivi
997 2664 1082 2745 quod
1100 2664 1233 2745 quedam
1249 2665 1337 2727 valde
1353 2664 1496 2743 religiosa

428 2755 588 2837 quondam
622 2759 686 2817 erat
719 2754 750 2816 in
781 2755 898 2817 civitate
930 2753 1080 2831 Romana,
1111 2772 1173 2834 que
1203 2754 1364 2835 parvulum
1396 2752 1495 2814 lilium

429 2846 554 2922 habens,
577 2862 699 2925 semper
722 2844 808 2906 illum
831 2862 936 2907 secum
953 2843 984 2904 in
1008 2843 1086 2906 lecto
1110 2847 1198 2906 nocte
1222 2843 1356 2923 ponebat
1378 2858 1495 2921 quous·

430 2954 492 3015 que
521 2934 643 2997 adultus
677 2934 794 3009 luisset;
828 2933 912 2995 unde
942 2932 1103 3013 dyabolica
1133 2931 1330 3011 suggestione
1362 2930 1495 3009 quadam

375 3040 416 3086 sao
432 3028 520 3087 nocte
541 3022 650 3086 accidit
672 3023 758 3103 quod
782 3026 878 3085 mater
892 3040 930 3084 ex
945 3021 1072 3101 proprio
1095 3020 1162 3083 tilio
1184 3020 1331 3101 concepit
1370 3019 1497 3081 Timens

430 3118 530 3176 autem
554 3112 707 3193 dyabolus
738 3130 777 3173 ne
804 3112 958 3192 peniteret,
989 3128 1027 3172 eo
1057 3109 1143 3189 quod
1173 3109 1283 3171 multas
1313 3108 1497 3171 elemosinas

427 3202 565 3279 iaciebat,
600 3205 629 3265 et
660 3202 782 3263 Beatam
812 3200 971 3279 Virginem
1005 3199 1180 3278 frequenter
1212 3197 1367 3273 salutabat,
1401 3201 1497 3259 trans-

429 3291 573 3369 figuravit
595 3308 628 3352 se
651 3291 682 3351 in
706 3289 839 3370 speciem
862 3288 997 3365 scolaris,
1021 3292 1049 3349 et
1070 3288 1196 3349 veniens
1218 3285 1257 3348 ad
1282 3286 1497 3367 imperatorem

433 3378 615 3457 Romanum,
638 3379 691 3440 ait:
718 3378 882 3455 „Domine
907 3394 966 3456 ego
985 3394 1054 3439 sum
1079 3375 1279 3456 peritissimus
1301 3378 1498 3437 astronomus

375 3481 417 3527 sao
432 3468 471 3529 ita
486 3467 572 3546 quod
594 3485 753 3546 nunquam
769 3466 870 3540 fallor;
894 3466 959 3529 scio
974 3465 1076 3527 lutura
1096 3464 1259 3545 predicere,
1283 3462 1362 3525 furta
1377 3462 1499 3525 latentia

431 3556 571 3631 revelare,
595 3561 625 3617 et
647 3556 742 3617 multa
764 3555 822 3617 alia
846 3554 927 3631 novi,
951 3572 1012 3633 que
1028 3558 1110 3617 certo
1133 3553 1342 3633 experimento
1365 3568 1498 3631 cognos-

430 3663 498 3707 cere
521 3644 665 3723 poteritis,
696 3645 721 3706 si
745 3662 795 3706 me
822 3643 862 3706 de
887 3642 1003 3705 familia
1025 3647 1124 3705 vestra
1151 3642 1279 3704 retinere
1307 3639 1495 3703 volueritis.¹‘

432 3726 598 3813 Imperator
619 3736 720 3794 autem
743 3732 877 3813 suscepit
899 3750 970 3793 eum
986 3730 1133 3810 gaudens,
1156 3734 1186 3793 et
1201 3730 1251 3793 ille
1266 3730 1346 3809 cepit
1360 3729 1387 3791 ei
1404 3728 1500 3791 mulla

431 3840 502 3884 vera
525 3820 689 3901 predicere,
713 3825 743 3883 et
764 3821 843 3883 turta
862 3820 1042 3883 abscondita
1065 3820 1206 3897 revelare,
1230 3819 1269 3881 ita
1292 3818 1378 3898 quod
1402 3818 1499 3897 impe-

375 3926 417 3972 oro
432 3914 514 3974 rator
535 3910 562 3973 ei
587 3928 642 3990 per
665 3910 770 3973 omnia
792 3909 941 3985 credebat,
965 3913 995 3971 et
1017 3909 1117 3989 ipsum
1143 3926 1197 3988 pre
1219 3907 1367 3970 omnibus
1390 3906 1500 3968 famili-

430 4001 535 4064 aribus
578 3998 757 4062 honorabat.
818 3997 962 4072 Quadam
1000 4002 1101 4059 autem
1143 3996 1194 4059 die
1230 3996 1272 4057 ait
1308 3994 1498 4075 imperatori:

434 4089 599 4166 „Domine
630 4088 742 4150 mirum
771 4091 816 4150 est
845 4086 933 4166 quod
964 4086 1068 4148 civitas
1097 4085 1152 4147 ista
1182 4102 1245 4147 non
1276 4084 1500 4146 absorbetura

430 4184 522 4253 terra;
554 4176 687 4257 quedam
711 4176 792 4238 enim
821 4174 1006 4235 detestabilis
1034 4172 1144 4234 mulier
1167 4176 1212 4235 est
1235 4172 1266 4232 in
1290 4172 1348 4249 illa,
1377 4190 1438 4250 que
1462 4190 1500 4233 ex
