3584 4884
728 478 948 537 ..15-

383 654 506 716 Frustra
528 652 682 715 fortunam
707 653 827 715 vincere
893 670 950 715 sua
972 657 1064 716 certat
1086 654 1244 733 pauperie;

383 742 475 805 Duro
499 742 630 805 latorum
654 742 782 805 stamine
850 742 948 805 boves
970 742 1071 822 perdit
1091 742 1223 805 assidue.

326 852 357 897 15
382 831 506 911 Sequax
531 832 633 896 Unius
656 831 691 893 lit
713 832 802 895 bovis
867 831 1027 894 excoriatis
1049 830 1176 910 reliquis

382 921 410 983 Α
434 920 543 983 vicinis
565 918 734 983 deluditur:
804 920 957 985 Unusbos
979 920 1073 983 miser
1094 920 1213 982 dicitur.

382 1009 492 1072 Tristis
513 1026 581 1072 sors
604 1010 807 1088 mugientium
876 1010 989 1073 bovem
1014 1008 1093 1089 rapit
1115 1009 1332 1081 novissimum

379 1099 447 1177 Jam
471 1115 519 1161 res
542 1100 645 1161 minor
667 1098 703 1160 tit
725 1098 802 1177 elegi
871 1102 1002 1177 egestate
1024 1098 1177 1161 vocabuli.

383 1187 546 1249 Exinauito
569 1187 704 1265 nomine,
772 1191 917 1250 evacuato
940 1187 1061 1250 bostare

327 1296 358 1340 ao
383 1276 504 1354 Tergus
527 1275 664 1355 disponit
686 1275 819 1339 vendere
886 1275 1044 1338 denudato
1066 1275 1222 1339 cadauere.

383 1363 510 1444 Corpus
534 1364 644 1444 linquit
667 1365 829 1445 quadrivio
896 1369 1022 1446 sumpto
1045 1364 1136 1427 bovis
1157 1364 1336 1445 amphibalo
1342 1386 1351 1441 ;

382 1453 484 1533 Super
505 1453 633 1533 jumenti
657 1454 794 1516 sellulam
863 1454 953 1534 ponit
975 1454 1052 1515 vitae
1074 1452 1230 1516 fiduciam.

381 1542 432 1604 Ad
456 1542 559 1605 torum
585 1542 763 1623 postliminii
833 1542 924 1606 bovis
947 1542 1004 1604 tert
1026 1543 1138 1623 pellem
1162 1542 1292 1619 mortui;

382 1632 458 1694 Non
481 1632 578 1694 tardat
599 1649 633 1694 se
656 1649 711 1712 per
732 1632 862 1709 semitas,
923 1631 1000 1694 dum
1024 1632 1144 1694 festinat
1169 1632 1209 1693 ad
1233 1630 1395 1693 nundinas.

328 1740 358 1786 aa
381 1721 443 1785 Sed
468 1726 502 1783 ut
524 1721 615 1783 intrat
637 1721 819 1800 emporium,
887 1720 957 1783 lacit
978 1721 1085 1783 venale
1107 1720 1236 1796 corium,

383 1810 480 1884 Quod
504 1814 589 1890 putat
612 1810 715 1889 magni
739 1810 826 1889 pretii
894 1809 972 1872 sicut
994 1808 1137 1872 decorem
1161 1809 1254 1889 pallii.

384 1899 548 1979 participes
571 1898 747 1961 commercii
816 1899 1008 1979 capacitatem
1032 1899 1107 1961 corii

383 1988 503 2050 Pedum
528 1992 706 2050 mensurant
728 1987 866 2050 terminis
933 1992 1072 2050 sutorum
1099 1987 1292 2050 testimoniis

385 2076 564 2141 Unibovem
589 2076 693 2139 nullus
715 2076 806 2155 Juvat,
874 2077 961 2139 solus
984 2077 1094 2157 pellem
1119 2076 1307 2155 magnilicat;

329 2184 359 2231 ao
383 2165 446 2228 Pro
470 2166 606 2228 nummis
629 2170 698 2229 octo
721 2166 855 2228 tunioem
924 2166 1013 2228 bovis
1036 2165 1162 2245 largitur
1184 2164 1352 2227 sordidam.

384 2254 460 2317 Post
481 2255 634 2335 expletum
658 2254 877 2318 commercium
940 2255 1079 2317 ascendit
1099 2255 1272 2333 jumentum
1296 2271 1396 2330 suum,

385 2344 527 2407 Distento
550 2348 655 2406 ventre
676 2343 834 2423 turgidum
903 2348 1070 2406 retrorsum
1092 2344 1240 2406 vertendo
1256 2342 1396 2423 gradum.

384 2434 492 2497 Unum
517 2433 633 2497 habens
655 2438 832 2513 argenteum
902 2433 991 2494 intrat
1013 2433 1115 2495 lucum
1140 2432 1355 2509 frondiferum,

383 2521 448 2595 Qui
461 2522 536 2584 dum
549 2523 663 2585 ventris
674 2527 784 2602 purgat
795 2522 904 2585 limum
939 2526 1132 2583 nummatum
1144 2521 1234 2584 trahit
1245 2522 1396 2583 meritum.

329 2630 359 2676 aa
382 2611 487 2673 Anum
512 2610 588 2673 dum
611 2615 702 2674 certat
723 2616 850 2691 tergere,
919 2611 1046 2674 herbam
1069 2611 1190 2673 testinat
1212 2628 1363 2690 rumpere,

384 2698 446 2761 Sed
470 2700 596 2762 herbam
620 2701 735 2764 vellens
758 2701 890 2782 repperit
958 2699 1044 2780 quod
1067 2718 1144 2778 gens
1165 2718 1256 2761 avara
1278 2698 1385 2777 diligit

384 2787 434 2849 De
458 2788 594 2851 nummis
617 2792 677 2851 tres
700 2790 846 2853 sextarios
915 2807 988 2852 mox
1011 2787 1142 2851 ottendit
1167 2787 1374 2863 absconditos,

383 2875 476 2949 Quos
498 2877 529 2939 in
554 2876 690 2941 tlaccenti
715 2879 836 2941 sacculo
904 2878 993 2957 ponit
1016 2896 1090 2941 mox
1112 2877 1192 2940 tacto
1214 2876 1347 2956 turgido.

383 2963 484 3045 Super
505 2966 681 3045 jumentum·
702 2968 840 3030 concitus
908 2967 978 3030 totis
1001 2967 1134 3047 imponit
1155 2967 1274 3030 viribus

331 3074 360 3119 40
384 3052 467 3116 Casu
492 3060 625 3135 repertas
647 3056 695 3117 vir
716 3074 801 3135 opes,
868 3055 908 3118 ad
932 3061 1072 3135 paternas
1095 3056 1173 3118 redit
1196 3056 1280 3118 lares.

384 3141 536 3206 Reversus
559 3162 680 3207 saccum
704 3144 834 3225 disligat,
904 3144 1049 3207 inlantem
1073 3145 1183 3208 stultus
1204 3145 1340 3220 advocat,

384 3231 488 3305 Quem
512 3233 600 3295 mittit
624 3250 681 3313 pro
704 3234 834 3297 sextario
903 3235 1067 3314 praepositi
1090 3234 1269 3313 justissimo.

383 3320 512 3394 Quaerit
535 3340 613 3401 puer
634 3324 806 3400 sextarium,
872 3322 1064 3403 praepositus
1086 3323 1236 3400 otticium,

383 3410 495 3471 Pandit
517 3429 595 3491 puer
619 3412 776 3490 negotium
851 3412 945 3474 nimis
967 3412 1097 3491 simplex
1119 3418 1308 3491 argenteum.

332 3518 360 3565 45
385 3499 524 3579 Largitur
546 3518 599 3563 vas
622 3502 814 3581 praepositus
882 3500 989 3563 intanti
1013 3501 1134 3564 donans
1156 3501 1256 3579 ocius;

385 3588 563 3651 Unibovem
588 3590 818 3670 pauperrimum
887 3594 989 3670 stupet
1010 3590 1121 3653 tactum
1145 3590 1340 3653 ditissimum.

384 3676 458 3739 Post
481 3680 600 3757 tergum
624 3679 707 3745 vadit
730 3679 816 3759 pueri
884 3679 1008 3742 terentis
1032 3680 1149 3742 lancem
1172 3680 1274 3757 tritici;

384 3764 517 3827 Massam
533 3766 616 3829 videt
631 3773 813 3846 argenteam,
877 3769 1032 3832 fumosam
1048 3767 1124 3830 dum
1141 3768 1247 3831 lustrat
1261 3769 1397 3833 domam.

384 3852 593 3917 Nummorum
617 3856 690 3919 visis
713 3858 872 3922 montibus
939 3858 1012 3921 dicit
1034 3857 1202 3937 complosis
1225 3858 1381 3920 manibus:

335 3958 363 4002 so
386 3941 498 4020 ,Hujus
520 3944 609 4023 egeni
633 3946 780 4025 gaudium
849 3951 894 4010 est
916 3948 1040 4023 turtum,
1065 3964 1129 4009 non
1152 3947 1381 4009 commercium.

386 4030 458 4091 Non
481 4034 578 4095 estin
603 4051 708 4098 musac
730 4054 883 4099 caesarum
957 4054 1013 4098 nec
1035 4035 1190 4098 corbanan
1214 4036 1395 4115 pontificum

387 4118 509 4196 Argenti
531 4126 647 4185 tantum
671 4125 810 4204 pretium,
878 4129 1028 4204 quantum
1052 4124 1125 4203 tegit
1146 4124 1322 4203 tugurium!

389 4206 517 4273 lrritatus
541 4214 716 4293 praeposito
785 4217 950 4293 respondet
973 4214 1061 4275 valde
1085 4214 1194 4281 livido:
