3584 4884
830 456 1052 512 ..76-

406 626 556 705 cenderet
587 626 713 690 caudam
745 627 817 706 equi
848 627 945 690 tenuit
973 646 1009 690 ac
1031 627 1161 690 eiulatus
1183 626 1291 690 emisit
1338 626 1398 688 Per
1420 627 1477 688 ista

406 716 471 780 duo
495 716 583 794 signa
607 716 694 779 miles
717 720 780 778 erat
795 719 946 796 expertus,
971 715 1097 796 quando
1112 715 1269 796 expediret
1283 716 1331 778 vel
1348 715 1475 794 quando

407 805 437 866 in
462 823 578 867 uanum
602 805 759 884 equitaret.
807 804 969 867 Falconem
994 804 1107 882 dilexit,
1137 822 1176 867 eo
1199 804 1295 884 quod,
1327 804 1477 884 quociens

406 893 444 956 ad
477 893 603 974 predam
639 893 761 971 volauit
797 911 860 955 non
888 892 1006 956 defecit
1052 893 1143 957 Miles
1177 893 1232 956 iste
1267 893 1347 957 miro
1378 892 1476 956 modo

351 999 393 1046 aas
409 982 572 1045 hastiludia
593 1001 629 1046 ac
651 986 860 1045 torneamenta
882 981 995 1060 dilexit,
1026 982 1108 1045 vnde
1130 982 1225 1044 semel
1249 999 1346 1044 vnum
1374 986 1477 1044 tome-

406 1075 562 1134 amentum
598 1071 657 1135 sub
692 1075 790 1134 castro
824 1089 883 1134 suo
919 1071 1099 1150 proclamari
1134 1071 1251 1135 fecerat
1308 1070 1357 1132 Ad
1388 1070 1475 1149 quod

406 1165 650 1223 torneamentum
684 1160 771 1222 multi
802 1159 923 1222 nobiles
953 1164 1111 1223 venerunt
1157 1159 1248 1222 Miles
1278 1159 1408 1222 armauit
1434 1177 1476 1236 se,

407 1249 489 1312 loras
512 1249 613 1325 exiuit,
638 1249 765 1312 domina
789 1253 859 1328 post
883 1248 970 1310 illum
994 1253 1024 1310 et
1045 1266 1155 1312 omnes
1178 1248 1218 1310 de
1241 1247 1363 1312 familia.
1410 1248 1476 1310 Nu-

407 1338 495 1400 trices
518 1356 592 1400 vero
616 1355 747 1418 puerum
772 1337 874 1400 solum
892 1337 923 1398 in
940 1337 1096 1400 cunabulo
1111 1337 1302 1414 dimiserunt,
1326 1337 1366 1399 ita
1389 1336 1476 1416 quod

352 1425 512 1490 monulus
545 1426 576 1489 in
607 1427 676 1488 aula
699 1431 761 1488 erat
784 1426 906 1489 relictus
929 1427 987 1489 nisi
1012 1445 1089 1506 puer
1111 1426 1143 1488 in
1167 1426 1331 1490 cunabulo.
1379 1427 1477 1505 Lepo-

397 1509 505 1578 'rarius
529 1513 610 1576 iuxta
634 1515 778 1595 parietem
810 1519 872 1577 erat
896 1515 998 1578 iacens
1026 1520 1055 1578 et
1082 1515 1161 1578 falco
1185 1516 1216 1577 in
1240 1515 1360 1595 pertica
1408 1516 1478 1577 Erat

407 1603 532 1683 quidam
557 1621 683 1684 serpens
706 1622 724 1666 a
746 1604 845 1667 multo
867 1607 1007 1684 tempore
1030 1604 1178 1667 omnibus
1206 1604 1421 1684 ignorantibus
1444 1603 1475 1664 in

407 1691 544 1772 quodam
568 1692 720 1755 foramine
743 1692 830 1755 castri
854 1693 994 1769 nutritus,
1018 1693 1080 1772 qui,
1104 1711 1175 1756 cum
1199 1693 1313 1754 exitum
1330 1691 1475 1755 euncium

407 1781 541 1844 audisset
572 1782 611 1844 de
642 1781 711 1844 aula
739 1782 779 1844 ad
810 1786 1064 1858 torneamentum,
1095 1786 1186 1862 caput
1216 1799 1308 1844 suum
1343 1781 1477 1844 extendit

352 1887 393 1933 aas
409 1874 490 1932 extra
514 1870 661 1934 toramen.
708 1870 871 1932 Neminem
896 1869 1005 1933 videns
1028 1870 1086 1933 nisi
1110 1889 1242 1951 puerum
1265 1870 1297 1932 in
1321 1870 1477 1932 cunabulo

408 1959 553 2022 iacentem
590 1959 684 2022 exiuit
715 1977 822 2022 versus
852 1959 1050 2036 cunabulum,
1085 1964 1119 2021 ut
1150 1977 1281 2039 puerum
1317 1959 1477 2022 occideret

409 2048 499 2110 Falco
523 2048 583 2111 hoc
606 2048 778 2128 percipiens
798 2049 930 2128 respexit
944 2048 983 2110 ad
1000 2049 1185 2128 leporarium
1202 2047 1374 2127 vidensque
1389 2048 1477 2109 illum

408 2135 545 2199 dormire
568 2137 703 2200 sonitum
721 2156 791 2200 curn
806 2137 862 2200 alis
878 2137 943 2199 suis
966 2138 1082 2214 iecerat,
1106 2156 1142 2200 ac
1163 2137 1189 2200 si
1212 2137 1338 2200 diceret:
1358 2136 1477 2215 „Surge

406 2242 583 2304 asompno
614 2230 643 2288 et
674 2226 789 2288 adiuua
818 2244 949 2305 puerum
982 2226 1013 2288 in
1045 2226 1200 2288 cunabulo
1223 2230 1329 2289 contra
1351 2243 1476 2305 serpen-

353 2330 394 2376 aoo
409 2315 505 2375 tem!u
555 2315 738 2393 Leporarius
768 2333 851 2391 vern,
884 2333 955 2377 cum
986 2314 1121 2378 sonitum
1153 2315 1270 2377 alarum
1294 2313 1478 2392 audisset,a

407 2419 542 2482 sompno
565 2419 624 2465 suo
648 2407 693 2466 est
715 2403 952 2484 expergefactus.
975 2404 1060 2466 Vidit
1074 2408 1245 2483 serpentem
1262 2420 1369 2466 versus
1384 2420 1477 2466 cuna-

408 2490 516 2553 bulum
541 2509 676 2571 pergere,
707 2496 813 2554 contra
845 2511 916 2556 eum
948 2493 1085 2568 accessit;
1113 2493 1207 2555 ambo
1230 2495 1477 2572 pungnaverunt,

408 2597 535 2660 serpens
559 2585 592 2642 ut
615 2599 745 2660 puerum
770 2581 930 2658 occideret,
955 2582 1124 2661 leporarius
1148 2586 1181 2643 ut
1203 2582 1294 2643 vitam
1319 2580 1406 2661 pueri
1429 2598 1475 2642 sa-

409 2668 512 2733 luaret.
568 2669 652 2731 Dum
688 2688 762 2733 vero
798 2669 842 2732 sic
877 2675 1095 2750 pungnassent,
1129 2688 1256 2750 serpens
1291 2669 1477 2750 leporarium

354 2775 395 2820 555
411 2757 587 2835 momordit,
611 2759 697 2837 quod
721 2759 847 2838 sanguis
870 2760 910 2822 ab
933 2777 971 2821 eo
995 2760 1066 2821 exiit
1088 2760 1119 2821 in
1145 2760 1202 2838 (ΒΙ.
1229 2765 1290 2821 143
1300 2761 1340 2838 ν.)
1364 2776 1478 2838 magna

408 2847 505 2926 copia,
536 2846 576 2909 ita
606 2848 692 2926 quod
723 2852 785 2911 tota
816 2848 996 2927 superficies
1025 2853 1103 2910 terre
1125 2848 1156 2910 in
1180 2848 1307 2911 circuitu
1331 2846 1477 2910 cunabuli

409 2935 499 3016 plena
522 2939 672 3016 sanguine
695 2941 758 3000 erat
781 2937 933 3017 leporarii.
981 2937 1172 3017 Leporarius,
1204 2955 1274 2999 cunr
1305 2936 1415 3000 senssit
1444 2953 1478 2998 se

409 3025 510 3105 ipsum
542 3025 674 3105 grauiter
704 3026 896 3088 vulneratum
929 3043 1002 3102 esse,
1034 3044 1103 3088 cum
1127 3030 1192 3088 toto
1216 3027 1331 3106 impetu
1360 3025 1392 3087 in
1415 3042 1478 3087 ser-

409 3118 529 3194 pentem
555 3115 679 3191 insiluit,
704 3115 735 3176 in
759 3119 874 3177 tantum
900 3115 986 3193 quod
1011 3114 1089 3176 inter
1111 3133 1165 3177 eos
1184 3133 1308 3178 versum
1325 3118 1371 3177 est
1385 3132 1477 3176 cuna-

353 3220 395 3266 aso
410 3203 528 3264 bulum.
574 3204 689 3266 Tamen
713 3203 902 3266 cunabulum
919 3205 975 3266 .lV.
992 3204 1104 3283 longos
1120 3203 1215 3283 pedes
1237 3203 1375 3280 habebat,
1391 3202 1478 3281 quod

408 3291 500 3354 iacies
524 3293 610 3372 pueri
634 3298 744 3354 terram
770 3310 833 3354 non
857 3293 961 3371 tetigit.
1009 3293 1040 3354 ln
1070 3293 1132 3354 fine
1160 3293 1330 3373 leporarius
1352 3309 1475 3371 serpen-

409 3384 469 3441 tem
494 3380 611 3445 0ccidit
659 3382 729 3444 Hoc
753 3382 822 3461 ipso
845 3382 913 3444 viso
937 3382 1019 3443 iuxta
1035 3399 1158 3443 murum
1174 3381 1291 3460 jacebat
1306 3385 1335 3442 et
1350 3381 1478 3442 vulnera

409 3485 465 3530 sua
488 3468 649 3532 lambebat
696 3470 768 3533 Cito
792 3474 862 3550 post
885 3471 946 3532 hoc
968 3470 1062 3532 ludus
1076 3471 1277 3532 torneamenti
1294 3473 1356 3532 erat
1371 3469 1478 3532 finitus

410 3561 438 3618 et
461 3557 593 3620 nutrices
618 3558 719 3637 primo
744 3559 903 3621 intrabant.
940 3559 1023 3622 Cum
1039 3576 1114 3620 vero
1129 3560 1317 3622 cunabulum
1334 3575 1478 3620 euersum

354 3661 396 3707 ass
411 3643 553 3707 viderunt
575 3651 603 3708 et
625 3651 735 3708 terram
759 3647 791 3708 in
815 3647 941 3710 circuitu
965 3647 1231 3726 sanguinolentam
1248 3652 1277 3710 et
1292 3647 1479 3727 leporarium

410 3738 607 3812 cruentatum,
632 3735 796 3797 credebant
818 3735 896 3798 inter
918 3754 952 3798 se
974 3741 1004 3798 et
1026 3736 1169 3798 dixerunt
1198 3736 1284 3815 quod
1309 3735 1480 3816 leporarius

410 3840 540 3902 puerum
565 3823 736 3901 occidisset,
760 3842 817 3886 nec
839 3824 965 3886 fuerunt
987 3825 1027 3886 ita
1042 3825 1216 3904 prudentes,
1240 3829 1274 3886 ut
1288 3824 1478 3887 cunabulum

410 3916 561 3974 verterent
595 3917 624 3975 et
657 3912 733 3992 quid
768 3916 868 3974 actum
907 3917 987 3975 esset
1024 3913 1064 3974 de
1102 3932 1200 3993 puero
1234 3913 1384 3990 viderent,
1422 3912 1478 3975 sed

410 4000 564 4063 dixerunt:
591 4002 787 4081 „fugiamus
812 4019 850 4063 ne
873 4001 1021 4063 dominus
1045 4009 1148 4064 noster
1171 4002 1263 4064 nobis
1283 4002 1404 4082 culpam
1421 4001 1480 4062 irn-

355 4107 397 4153 sro
412 4095 506 4171 ponat
528 4095 557 4153 et
582 4091 661 4170 [nos]
688 4090 879 4152 interficiatl¹¹
930 4089 1011 4152 Cum
1041 4108 1115 4152 vero
1138 4095 1239 4152 essent
1261 4090 1292 4152 in
1316 4090 1398 4170 iuga,
1422 4090 1480 4153 do

411 4180 494 4242 mina
517 4179 561 4242 eis
584 4179 723 4242 obuiauit
745 4183 774 4240 et
788 4177 841 4239 ait:
869 4177 1062 4250 „Karissime
1086 4195 1150 4255 quo
1166 4177 1330 4240 tenditis?u
1356 4180 1396 4240 Αἰ
1411 4178 1477 4241 ille:
