3584 4884
690 453 935 512 —147—

226 625 445 689 11uoiacerem.“
494 625 587 687 ludex
609 625 662 688 ait:
695 627 881 702 „Karissimi
910 627 937 689 si
966 645 1094 689 scurrus
1121 645 1246 707 possem
1269 645 1345 704 csse,

284 714 374 776 vobis
395 715 497 795 aliqua
518 714 659 791 dicerem,
688 715 771 777 vnde
798 717 932 778 contenti
959 717 1092 778 essetis·
1139 717 1191 778 Ait
1212 717 1345 795 primus:

287 803 451 880 »Domine
485 803 510 866 si
545 803 648 883 placet,
681 809 863 884 conceptum
896 810 986 866 tuum
1019 806 1114 867 uobis
1146 805 1211 866 dic!
1256 805 1347 867 Tune

285 893 434 954 babemus
470 893 686 972 respondere·
748 894 788 954 At
824 894 887 955 ille:
935 894 988 958 .si
1024 893 1175 956 ammodo
1216 893 1347 972 quilibet

285 985 417 1044 vestrum
448 986 525 1044 esset
553 999 685 1061 persone
714 1001 782 1044 mee
811 982 852 1044 ita
880 983 991 1059 fidelis,
1024 984 1104 1045 sieut
1131 1001 1190 1045 vos
1219 982 1345 1044 insimul

226 1089 277 1134 rrae
286 1070 363 1147 estis,
398 1070 545 1151 quamdiu
578 1071 728 1148 viueretis,
763 1071 795 1132 in
825 1072 911 1134 curia
939 1090 1009 1134 mea
1036 1073 1151 1144 essetis,
1181 1076 1212 1133 et
1239 1071 1347 1134 omnia

285 1159 468 1222 neccessarie
489 1159 579 1222 vobis
601 1160 827 1240 prouiderem.¹¹
864 1161 916 1222 Ait
937 1161 1071 1240 primus:
1097 1161 1264 1236 ‚Domine
1286 1177 1346 1240 pro

149 1287 150 1330 ἢ
285 1266 334 1311 me
363 1247 436 1311 volo
465 1248 660 1328 respondere
712 1248 869 1312 Ammodo
899 1250 992 1312 vobis
1024 1250 1157 1311 fideliter
1189 1249 1345 1330 promitto,

149 1333 151 1356 ²
284 1337 370 1416 quod
394 1354 562 1417 numquam
592 1337 708 1416 aliquid
738 1338 854 1399 malum
877 1343 983 1401 contra
1005 1356 1063 1401 vos
1084 1339 1287 1412 committam
1316 1342 1347 1399 et

283 1425 308 1488 si
325 1443 464 1488 neccesse
478 1426 575 1502 tuerit,
598 1426 677 1488 mori
693 1444 751 1506 pro
765 1427 856 1489 vobis
871 1432 994 1507 parabus
1007 1441 1091 1490 ero·
1125 1427 1178 1488 Ait
1190 1426 1348 1489 secundus

225 1515 400 1577 ramsocius:
427 1515 482 1578 „Et
497 1532 564 1593 ego,
587 1514 722 1592 domine,
745 1515 874 1578 tirmiter
887 1517 1043 1596 promitto,
1064 1516 1220 1596 quidquid
1241 1516 1347 1578 socius

285 1621 372 1665 meus
394 1603 484 1666 vobis
505 1603 615 1680 iecerit,
639 1605 700 1666 boc
721 1608 751 1665 et
772 1623 832 1683 ego
854 1605 1048 1684 adimplebo;
1070 1610 1101 1667 et
1121 1606 1148 1666 si
1162 1604 1280 1667 accidat
1295 1622 1347 1666 me

285 1691 315 1753 in
339 1692 444 1771 aliquo
467 1691 653 1773 delinquere,
676 1693 806 1756 libenter
827 1695 998 1774 penitencie
1019 1694 1255 1757 subcumbam·
1295 1693 1348 1755 Ait

285 1780 390 1842 iudex:
434 1782 497 1846 „lix
527 1799 591 1861 quo
625 1782 664 1844 ita
690 1786 743 1859 est
784 1783 895 1846 ambos
923 1801 982 1846 vos
1011 1783 1052 1845 ad
1080 1782 1214 1862 graciam
1244 1799 1345 1843 meam

284 1869 406 1950 recipio,
444 1876 475 1932 et
511 1889 631 1933 mecum
669 1871 840 1948 manebitis,
879 1877 909 1933 et
941 1889 1053 1934 omnes
1088 1871 1347 1950 transgressiones

227 1962 445 2022 rmotransactas
464 1960 613 2022 remitto.¹¹
654 1959 775 2023 Omnes
789 1960 949 2023 audientes
971 1960 1213 2024 misericordiam
1235 1960 1348 2022 iudicis

284 2048 369 2110 illurn
394 2048 566 2111 laudabant.

629 2225 705 2306 Cap.
731 2232 787 2289 171
818 2227 878 2306 (BL
903 2227 997 2306 96η).

461 2343 504 2400 De
521 2344 650 2418 ymagine
668 2349 695 2402 et
713 2345 812 2402 clerieo
830 2351 858 2402 et
875 2346 995 2419 pallacio
1012 2347 1163 2403 subterra

374 2492 443 2552 Erat
472 2491 603 2572 quedam
631 2511 744 2572 ymago
775 2493 806 2555 in
839 2493 960 2556 ciuitate
988 2510 1124 2569 romana,
1158 2511 1221 2572 que
1249 2492 1348 2554 stabat

285 2580 372 2642 rectis
395 2579 527 2660 pedibus
549 2581 741 2662 habebatque
764 2601 890 2644 manum
914 2583 1052 2644 dextram
1075 2588 1240 2656 extensam,
1262 2585 1293 2642 et
1313 2580 1346 2642 in

284 2668 388 2732 medio
411 2669 508 2748 digito
523 2674 586 2732 erat
599 2671 823 2751 superscripcio
838 2671 919 2734 talis:
945 2669 1094 2735 ‚Pereute
1108 2670 1193 2731 bicl·
1225 2669 1347 2748 Ymago

227 2773 277 2818 1210
285 2757 340 2820 ista
363 2757 459 2837 longo
481 2763 619 2839 tempore
641 2760 685 2822 sic
699 2759 803 2836 stabat,
826 2778 865 2823 eo
888 2759 975 2840 quod
998 2759 1103 2821 nullus
1125 2759 1247 2834 sciebat,
1270 2758 1347 2838 quid

285 2847 345 2909 hoc
366 2846 559 2926 signiticaret
593 2848 682 2910 Multi
704 2848 855 2910 ammirati
879 2853 959 2925 sunt,
982 2848 1087 2927 sepius
1108 2847 1148 2909 ad
1171 2847 1347 2928 ymaginem

284 2941 434 2998 venerunt
455 2941 485 2998 et
506 2937 550 2999 sic
572 2941 767 3013 recesserunt,
798 2937 871 3017 quia
897 2937 1195 3017 superscripeionem
1226 2936 1349 3015 penitus

285 3024 475 3103 ignorabant
522 3026 591 3087 Erat
612 3030 685 3088 tune
706 3025 834 3105 quidam
861 3026 990 3089 clericus
1011 3026 1133 3088 subtilis
1154 3024 1253 3101 valde,
1284 3023 1347 3105 qui,

285 3131 355 3175 curn
379 3113 512 3176 audisset
534 3113 573 3176 de
595 3114 745 3194 ymagine,
769 3115 900 3177 multum
923 3115 1060 3177 solicitus
1074 3119 1138 3176 erat
1151 3132 1219 3176 eum
1234 3112 1348 3175 videre

149 3255 150 3268 ,
226 3217 277 3262 1215
285 3201 383 3275 Quod
406 3206 435 3264 et
456 3202 533 3265 tecit.
566 3203 650 3265 Dum
666 3207 766 3266 autem
782 3223 849 3266 earn
865 3203 992 3266 vidisset
1006 3208 1036 3266 et
1050 3202 1347 3283 superscripeionem

285 3291 418 3369 legisset:
444 3290 591 3354 „Percule
613 3292 697 3354 hic!u
723 3291 894 3372 vidensque
917 3293 1015 3355 solem
1038 3309 1132 3372 super
1153 3290 1347 3371 yamaginem

284 3383 315 3441 et
337 3397 392 3458 per
406 3381 546 3442 vmbram
570 3380 644 3443 solis
659 3380 850 3444 discernebat
865 3381 1006 3460 digitum,
1030 3399 1086 3461 per
1104 3398 1199 3460 quem
1215 3379 1348 3441 dicebat:

287 3466 435 3532 „Percute
450 3469 533 3532 hici‘*
570 3467 675 3532 Statim
691 3469 836 3549 lygonem
852 3469 968 3549 accepit
990 3474 1020 3530 et
1041 3473 1121 3531 recte
1137 3487 1192 3548 per
1206 3467 1348 3530 umbram

284 3555 371 3636 digiti
394 3561 504 3620 terram
527 3558 668 3638 apperuit
690 3563 719 3620 et
748 3578 803 3639 per
827 3559 863 3620 lll
888 3558 984 3638 pedes
1006 3558 1085 3619 iutra
1115 3562 1226 3619 terram
1250 3555 1348 3617 fodie-

226 3645 344 3709 nabat
379 3647 467 3708 Tunc
488 3647 640 3725 quosdam
656 3646 771 3726 gradus
794 3647 921 3710 inuenit
954 3646 1093 3709 Clericus
1109 3662 1173 3708 non
1189 3643 1347 3707 modicum

283 3733 424 3813 gaudeus
451 3753 573 3815 semper
602 3736 751 3815 gradatim
781 3736 953 3811 descendit,
986 3753 1150 3814 quousque
1181 3733 1240 3796 sub
1270 3736 1349 3794 terra

283 3823 389 3886 nobile
413 3823 562 3903 palacium
587 3824 711 3888 invenit.
758 3825 868 3886 Aulam
900 3824 1023 3886 intrauit
1045 3823 1216 3902 vidensque
1243 3838 1347 3899 regem

149 3977 150 3980 ,
283 3915 313 3973 et
339 3912 476 3992 reginam
507 3931 543 3975 ac
572 3913 686 3976 multos
710 3912 830 3976 nobiles
857 3913 1020 3974 inmensa
1049 3911 1190 3974 sedentes
1217 3907 1350 3987 respexit

283 4000 532 4082 circumquaque,
567 4001 643 4063 vidit
671 4005 764 4064 totam
798 4001 921 4081 [aulam]
956 3999 1136 4062 hominibus
1159 3999 1289 4078 plenam,
1320 3999 1350 4056 et

224 4105 393 4154 uaoomnes
435 4089 534 4153 induti
573 4094 658 4152 erant
691 4089 878 4152 vestimentis
913 4088 1073 4168 preciosis,
1111 4091 1141 4148 et
1174 4085 1277 4147 nullus
1310 4101 1348 4144 ex

283 4180 464 4243 hominibus
488 4177 672 4256 loquebatur
694 4178 721 4240 ei
745 4179 869 4241 unicum
893 4177 1033 4239 verbum.
1070 4175 1214 4252 Viditque
1237 4172 1268 4232 in
1284 4187 1349 4233 vno

1189 4288 1242 4342 to·
