3584 4884
836 440 1080 499 -184-

428 605 560 685 dederat,
594 612 624 671 et
652 626 714 690 que
742 626 835 691 supra
868 612 966 693 posita
995 620 1074 678 sunt
1119 616 1215 693 Quod
1246 638 1317 684 curn
1345 622 1489 701 audisset,

374 710 416 759 uo
431 694 540 761 relictis
561 697 716 776 omnibus,
738 698 793 763 ivit
815 699 954 780 Romam,
982 701 1124 783 ingerens
1145 724 1178 769 se
1201 710 1362 789 quomodo
1385 720 1491 793 posset

429 784 568 849 confiteri
599 804 677 869 pape
704 788 894 853 multociens
938 790 987 854 nd
1011 792 1159 872 ultimum,
1191 796 1222 859 in
1252 798 1385 878 quadam
1416 820 1488 883 pro

427 874 573 953 cessione,
597 894 653 957 per
673 875 768 958 pedes
790 895 861 942 eum
881 880 995 961 arripit,
1017 880 1123 947 dicens
1137 885 1223 964 quod
1239 886 1325 967 prius
1339 906 1373 952 se
1388 891 1487 954 occidi

427 965 612 1044 permitteret
640 984 734 1047 quam
763 984 828 1031 non
860 967 1038 1049 loqueretur
1066 972 1102 1035 ci.
1148 973 1221 1053 Qui,
1251 994 1322 1039 cum
1352 978 1489 1043 audisset

427 1070 508 1130 eum,
532 1054 614 1119 misit
634 1072 706 1119 eum
728 1054 768 1119 ad
790 1056 957 1137 quemdam
980 1064 1116 1124 sanctum
1140 1062 1306 1143 inclusum
1337 1067 1391 1146 qui
1414 1087 1485 1131 curn

371 1159 414 1207 aro
428 1141 459 1205 in
483 1142 575 1208 missa
596 1160 652 1207 sua
674 1149 794 1225 rogaret
810 1145 982 1210 Dominum
1002 1149 1088 1228 quod
1112 1150 1262 1217 intimaret
1283 1172 1375 1234 quarn
1400 1158 1487 1237 peni-

426 1232 554 1296 tenciam
586 1233 614 1296 ei
646 1232 825 1315 injungeret,
860 1236 933 1317 quia
961 1238 1123 1319 perplexus
1150 1245 1213 1305 crat
1241 1243 1281 1305 de
1311 1243 1371 1307 hoc
1398 1246 1485 1326 quod

425 1320 537 1385 facturn
568 1322 635 1401 eius
664 1322 808 1401 audierat,
842 1325 968 1389 mittitur
998 1326 1025 1389 ei
1060 1346 1114 1409 per
1143 1329 1317 1395 columbam
1350 1334 1485 1413 quedam

425 1414 513 1490 carta,
544 1411 576 1475 in
607 1430 669 1492 qua
696 1417 760 1477 erat
785 1413 932 1495 scriptum
962 1414 1047 1495 quod
1083 1417 1168 1481 daret
1195 1419 1222 1483 ci
1254 1420 1284 1483 in
1315 1422 1487 1502 penitencia

425 1500 512 1580 quod
534 1500 574 1565 de
595 1506 696 1567 cetero
719 1520 783 1567 non
806 1502 982 1583 loqueretur
1004 1505 1062 1569 nisi
1078 1504 1118 1570 de
1140 1506 1264 1571 licencia
1277 1508 1349 1573 dicti
1365 1511 1484 1590 inclusi,

370 1608 412 1655 au
426 1590 512 1671 quod
535 1590 651 1655 fatuum
675 1609 708 1656 se
729 1591 846 1669 taceret,
876 1596 907 1656 et
934 1593 1059 1673 injurias
1085 1594 1143 1659 sibi
1171 1596 1266 1661 illatas
1287 1616 1305 1661 a
1328 1601 1432 1679 pueris
1454 1607 1486 1665 et

425 1680 493 1745 aliis
515 1680 573 1745 sibi
597 1681 749 1763 pacienter
770 1685 910 1763 portaret,
933 1686 962 1745 et
976 1682 1062 1763 quod
1085 1683 1124 1747 de
1147 1688 1246 1749 cetero
1261 1704 1331 1750 cum
1355 1689 1484 1755 canibus

423 1769 541 1849 jaceret,
563 1775 593 1834 et
615 1789 679 1836 non
702 1769 875 1835 comederet
889 1770 948 1834 nisi
966 1770 1073 1853 [quod]
1090 1773 1130 1837 ab
1146 1774 1190 1837 eis
1204 1774 1342 1839 auferret
1377 1776 1482 1852 Quam

423 1877 495 1923 cunr
532 1860 665 1939 audiret,
702 1860 817 1942 accepit
853 1860 1053 1942 penitenciam
1089 1861 1170 1925 iliam
1204 1868 1357 1943 gratanter
1392 1868 1481 1947 quasi

424 1966 539 2014 munus
560 1970 578 2013 a
603 1950 672 2014 Deo
693 1950 752 2014 sibi
776 1949 913 2028 missum,
936 1949 1114 2031 promittens
1130 1955 1163 2015 ut
1178 1952 1257 2016 hanc
1279 1954 1480 2033 penitenciam

367 2055 409 2103 auo
423 2044 658 2104 consummaret
702 2040 825 2105 Tonsus
846 2042 880 2114 ut
905 2038 1006 2103 fatuus
1027 2039 1066 2105 ab
1089 2040 1241 2118 heremita,
1269 2042 1323 2105 ivit
1343 2043 1383 2105 ad
1406 2045 1479 2108 civi-

422 2132 511 2192 tatem
542 2129 670 2210 regiam
700 2129 858 2209 insequtus
879 2147 897 2192 a
920 2128 1031 2209 pueris,
1060 2128 1195 2193 ascendit
1223 2130 1323 2195 aulam
1354 2134 1510 2213 regiam·

421 2223 539 2298 pugnat
559 2236 630 2283 cum
653 2218 790 2296 canibus,
812 2218 890 2299 rapit
904 2236 939 2281 ea
954 2235 1015 2299 que
1029 2218 1073 2282 eis
1096 2218 1285 2299 proiciuntur
1306 2219 1346 2283 ab
1369 2238 1479 2285 eorum

421 2306 578 2385 dentibus;
608 2308 737 2371 conates
764 2307 952 2388 proiciebant
981 2324 1051 2371 ossa
1073 2307 1180 2371 etalio
1202 2308 1254 2385 eis,
1285 2313 1319 2371 ut
1339 2310 1481 2374 viderent

420 2414 556 2477 pugnam
580 2396 646 2476 eius
668 2401 699 2459 et
719 2414 838 2460 ornum.
873 2395 955 2459 Cum
971 2399 1071 2459 autern
1095 2414 1147 2459 rex
1170 2396 1369 2478 perpenderet
1390 2401 1477 2479 quod

364 2502 407 2549 ruo
420 2484 505 2548 aliter
527 2502 590 2549 non
614 2485 703 2548 vellet
725 2484 886 2548 comedere
916 2484 974 2548 nisi
1002 2485 1187 2567 proiceretur
1217 2486 1352 2565 canibus,
1383 2489 1478 2553 multa

418 2574 463 2638 eis
485 2573 659 2655 proiciebat,
687 2578 720 2637 ut
741 2573 792 2637 illc
814 2590 907 2653 quem
935 2572 1052 2637 fatuum
1076 2574 1216 2638 credebat
1238 2593 1273 2639 ea
1295 2576 1476 2641 comederet.

419 2663 551 2728 Nolebat
579 2663 677 2743 jacere
704 2663 762 2727 nisi
792 2680 863 2726 cum
891 2662 1019 2727 canibus
1048 2663 1108 2727 sub
1138 2662 1292 2743 gradibus,
1323 2665 1376 2729 ubi
1408 2684 1476 2747 per-

418 2754 559 2818 noctabat
580 2753 612 2816 in
635 2752 708 2817 iletu
731 2756 760 2815 et
782 2751 936 2816 oracione.
969 2751 1033 2821 Rex
1055 2757 1164 2830 autem,
1188 2753 1318 2817 multum
1341 2754 1368 2817 ei
1392 2772 1475 2819 com-

418 2843 547 2925 paciens,
578 2860 642 2907 non
670 2842 788 2907 sinebat
809 2859 880 2905 eum
905 2840 1065 2905 molestari.
1110 2840 1191 2905 Cum
1221 2846 1321 2905 autem
1354 2842 1474 2907 barban'

362 2952 404 2999 aso
420 2934 567 2997 irruerent
589 2937 694 2997 contra
716 2950 828 3013 regem,
851 2948 980 3011 regnum
1003 2930 1149 2995 vastando
1172 2930 1257 3008 illud,
1279 2935 1310 2994 et
1331 2949 1383 2995 rex
1403 2951 1473 2996 curn

417 3024 481 3089 suis
503 3022 699 3104 processisset
719 3022 758 3085 ad
782 3020 921 3102 prelium,
951 3024 980 3084 et
1003 3020 1153 3091 Robertus
1181 3019 1309 3083 multum
1339 3020 1367 3083 ei
1390 3038 1474 3085 coms

417 3119 567 3196 pateretur
596 3116 626 3176 et
654 3116 753 3176 oraret
781 3128 839 3192 pro
869 3128 916 3186 ec,
950 3109 1089 3191 apparuit
1118 3108 1146 3172 ei
1176 3108 1304 3188 angelus
1335 3109 1472 3189 Domini,

415 3204 521 3267 dicens
543 3207 577 3267 ut
598 3221 632 3267 se
653 3204 839 3282 sequeretur,
861 3203 891 3263 et
913 3198 1060 3280 acciperet
1081 3216 1165 3261 arma
1179 3198 1237 3261 sibi
1253 3216 1271 3260 a
1288 3198 1357 3261 Deo
1373 3198 1472 3277 missa,

415 3297 445 3356 et
458 3293 514 3355 iret
536 3292 568 3355 in
584 3292 769 3371 adjutorium
785 3288 904 3354 domini
920 3288 976 3367 sui,
992 3292 1028 3365 ct,
1045 3287 1145 3352 habita
1159 3286 1290 3365 victoria,
1314 3293 1474 3368 reponeret

359 3400 401 3446 am
415 3399 499 3445 arma
528 3382 612 3445 unde
638 3399 674 3445 ea
698 3383 839 3444 sumeret
878 3377 974 3441 Duxit
1000 3394 1071 3441 curn
1093 3376 1176 3456 juxta
1197 3375 1314 3439 iontem
1330 3376 1390 3456 qui
1411 3382 1473 3440 erat

415 3472 445 3533 in
469 3471 568 3535 fundo
591 3470 686 3550 regio,
716 3474 746 3533 et
768 3469 811 3533 ibi
834 3486 905 3531 eum
928 3467 1055 3531 armavit
1076 3464 1168 3529 armis
1190 3464 1268 3529 albis
1290 3482 1360 3528 curn
1383 3468 1472 3529 cruce

414 3559 516 3635 rubea,
548 3564 577 3621 et
606 3558 754 3639 imposuit
783 3575 877 3638 super
907 3574 1021 3638 equum
1051 3554 1164 3619 album.
1211 3554 1277 3635 lpse
1303 3557 1403 3617 autem
1431 3554 1470 3617 ad

412 3647 575 3710 exercitum
598 3646 746 3710 advolans
769 3646 943 3727 penetravit,
973 3644 1089 3726 fugavit
1115 3647 1144 3707 et
1171 3642 1332 3725 prostravit
1360 3642 1470 3721 hostes,

411 3741 447 3815 et
472 3735 573 3799 habita
594 3735 727 3807 victoria,
752 3734 842 3797 rediit
860 3734 914 3799 ubi
938 3736 1023 3817 prius
1046 3737 1115 3810 erat,
1139 3736 1168 3795 et
1189 3749 1273 3795 arma
1295 3749 1365 3795 cum
1388 3750 1469 3812 equo

356 3846 397 3893 aro
412 3825 555 3908 deposuit
588 3824 642 3887 ubi
676 3823 793 3887 dixerat
808 3824 957 3903 angelus.
1005 3824 1074 3887 Hoc
1106 3825 1206 3885 autem
1236 3819 1352 3883 viderat
1381 3821 1470 3884 unica

411 3916 491 3997 regis
513 3914 584 3997 filia,
615 3931 677 3995 quc
706 3916 769 3976 erat
799 3916 891 3991 muta,
922 3912 961 3976 de
990 3912 1120 3976 fenestra
1149 3927 1266 3973 camere
1296 3926 1364 3987 sue,
1398 3927 1468 3973 curn

408 4011 508 4069 autern
532 4023 585 4069 rex
615 4002 741 4067 redisset
766 4005 796 4065 et
823 4006 965 4081 quereret
986 4020 1004 4065 a
1025 4002 1089 4065 suis
1112 3998 1181 4079 quis
1203 4000 1281 4067 esset
1303 3997 1391 4061 miles
1414 3998 1466 4060 ille

408 4114 478 4159 cum
502 4095 595 4157 armis
616 4092 693 4157 albis
719 4091 773 4171 qui
803 4090 848 4153 sic
874 4091 992 4168 iecerat
1024 4108 1080 4153 nec
1106 4091 1208 4169 posset
1236 4085 1374 4163 inveniri,
1405 4086 1468 4149 iilia

408 4189 492 4246 muta
519 4181 698 4246 ostendebat
723 4178 821 4259 digito
851 4178 968 4241 fatuum
992 4196 1085 4258 quem
1109 4194 1161 4237 rex
1182 4173 1337 4252 arguebat.
1384 4174 1466 4238 Cum
