3584 4884
703 440 948 498 -133-

285 613 436 693 spoliauit
457 617 510 675 aut
532 612 651 675 occidit.
700 613 794 674 ludex
817 631 887 674 cum
917 612 973 675 hec
1002 612 1143 688 audisset,
1175 611 1302 675 insidias
1324 613 1356 674 in

228 719 271 764 645
287 702 419 765 circuitu
443 701 554 764 foreste
578 701 683 782 posuit
696 706 725 764 et
745 719 815 764 eum
832 701 1034 782 apprehendit
1048 705 1078 762 et
1100 701 1199 780 ligatis
1215 701 1358 764 manibus

286 795 319 853 et
343 791 476 871 pedibus
499 791 538 852 ad
564 790 712 852 iudicium
737 789 807 852 duci
831 791 909 852 tecit
948 789 1029 852 Cum
1053 807 1127 852 vero
1150 789 1270 853 adesset
1291 790 1358 852 dies

287 879 405 955 iudicii,
429 879 506 941 dixit
528 879 554 942 ei
579 879 684 941 iudex:
712 879 906 957 „Karissimq
931 879 1010 941 nosti
1026 878 1212 941 beneficium
1236 879 1354 958 legis?“

287 968 356 1042 Qui
379 969 432 1030 ait:
461 969 591 1046 „liciam
615 967 750 1030 domine.
797 967 928 1048 Oportet
951 986 1000 1029 me
1025 969 1062 1029 lll
1086 967 1224 1031 veritates
1247 967 1356 1044 dicere,

286 1058 314 1120 si
340 1057 431 1119 velim
456 1057 586 1119 euadere
612 1062 772 1119 mortemt
812 1058 848 1119 Et
869 1057 932 1120 ille:
960 1055 1050 1121 „cito
1074 1074 1148 1135 ergo
1172 1056 1357 1119 beneficium

229 1166 272 1210 aso
289 1147 369 1226 legis
393 1146 528 1226 impleas,
559 1150 611 1208 aut
633 1145 727 1208 hodie
750 1146 853 1208 cibum
878 1164 942 1208 non
970 1146 1109 1225 gustabo
1140 1144 1241 1208 donec
1263 1145 1358 1208 tueris

288 1253 461 1315 suspensus
484 1235 515 1297 in
540 1235 713 1314 patibulolt
760 1234 800 1297 nt
822 1235 885 1297 ille:
920 1235 1084 1312 „Domine
1107 1234 1155 1297 iac
1177 1235 1244 1296 tieri
1268 1234 1357 1297 siten-

288 1324 407 1387 cium!u
462 1323 537 1398 Quo
572 1325 650 1386 tacto
685 1324 737 1386 ait:
779 1325 883 1402 „Ecce
919 1323 1053 1399 domine,
1089 1324 1147 1386 hec
1180 1327 1225 1385 est
1258 1323 1358 1404 prima

287 1413 411 1476 veritas:
439 1413 555 1478 „Vobis
578 1413 725 1476 omnibus
748 1411 912 1489 denuncio,
940 1412 1025 1492 quod
1049 1416 1114 1474 toto
1137 1416 1275 1491 tempore
1298 1413 1357 1474 vite

288 1520 358 1564 mee
382 1501 463 1564 extiti
494 1502 594 1566 malus
617 1502 742 1564 homou
793 1502 886 1564 ludex
918 1502 975 1563 hec
1001 1502 1130 1563 audiens
1159 1502 1200 1563 ait
1229 1501 1357 1563 circum-

232 1609 274 1655 euu
289 1591 454 1654 stantibus:
481 1591 592 1654 „Estne
606 1609 722 1668 verum,
739 1590 825 1669 quod
842 1591 896 1653 iste
912 1590 1028 1653 dixit?‘¹
1061 1591 1101 1652 Αἱ
1116 1590 1172 1652 illi:
1192 1590 1357 1668 „Domine

288 1679 314 1742 si
340 1697 405 1742 non
430 1683 508 1742 esset
535 1679 717 1757 malefactor,
750 1680 810 1742 huc
838 1679 868 1740 in
900 1683 977 1742 statu
1009 1679 1066 1741 isto
1098 1697 1162 1741 non
1193 1679 1354 1741 venisset.‘¹

287 1767 339 1830 Ait
362 1768 403 1830 ei:
431 1768 511 1832 „Dic
526 1786 600 1847 ergo
616 1767 783 1830 secundam
804 1769 994 1831 veritatemlt
1032 1767 1096 1841 Qui
1112 1768 1164 1830 ait:
1192 1768 1356 1844 „Domine

287 1855 426 1920 secunda
449 1859 557 1919 veritas
585 1861 630 1918 est
660 1857 731 1919 ista:
761 1857 856 1920 Michi
881 1857 1011 1918 multum
1036 1856 1182 1936 displicet,
1214 1855 1300 1935 quod
1324 1857 1356 1918 in

287 1946 344 2009 ista
373 1947 472 2008 torma
503 1946 564 2008 huc
591 1946 690 2008 veni.u
738 1945 788 2009 Ait
818 1946 922 2008 iudex:
957 1945 1074 2022 „Certe
1106 1945 1260 2008 credimus
1290 1945 1355 2007 tibi.

234 2053 274 2098 eso
291 2035 352 2097 Dic
375 2052 451 2114 ergo
474 2035 594 2097 terciam
619 2035 782 2113 veritatem,
806 2039 835 2097 et
857 2039 886 2096 te
909 2035 1011 2115 ipsum
1035 2052 1053 2096 a
1076 2038 1174 2096 morte
1197 2034 1353 2097 saluasti!a

287 2123 329 2185 At
351 2123 415 2186 ille:
451 2124 538 2188 „ltec
560 2127 605 2187 est
627 2123 717 2186 tercia
739 2124 860 2186 veritas:
891 2123 923 2186 Si
946 2123 1040 2186 semel
1064 2123 1236 2200 euaderem,
1267 2140 1357 2185 num-

288 2231 383 2292 quam
409 2213 468 2291 (Βὶ.
494 2213 576 2291 Sor.)
601 2213 632 2274 in
656 2212 711 2274 ista
733 2213 833 2274 torma
857 2213 917 2274 huc
943 2214 982 2274 ad
1006 2212 1109 2274 locum
1133 2211 1223 2274 istum
1247 2211 1357 2274 volun-

287 2301 363 2363 tarie
387 2301 609 2380 perueniremt
660 2301 741 2364 Dicit
764 2302 791 2363 ei
815 2301 921 2364 iudex:
956 2300 1066 2366 „Certe
1089 2301 1160 2363 satis
1191 2300 1357 2380 prudenter

288 2394 318 2452 te
341 2390 444 2470 ipsum
462 2390 603 2454 liberasti.
637 2389 723 2453 Vade
739 2390 770 2452 in
787 2392 895 2470 pacelt
935 2391 971 2452 Et
993 2389 1036 2452 sic
1059 2408 1114 2470 per
1136 2393 1196 2452 tres
1219 2389 1357 2452 veritates

235 2497 275 2543 eru
289 2478 425 2541 saluatus
448 2482 492 2541 est
515 2479 609 2542 miles.

638 2672 713 2752 Cap.
741 2680 801 2736 148
828 2673 887 2752 (ΒΙ.
913 2674 1010 2753 63ν.).

335 2793 379 2850 De
397 2792 483 2849 nimia
502 2793 716 2865 presumpcione
736 2793 925 2865 [imperatoris
945 2793 1003 2865 qui]
1024 2793 1087 2850 ideo
1106 2797 1248 2865 correptus
1265 2797 1313 2849 est.
1373 2849 1377 2854 .

381 2921 559 2986 louinianus
582 2923 747 3003 imperator
769 2922 907 3002 regnauit
931 2927 1040 3003 potens
1062 2922 1158 2984 valde.
1197 2922 1261 2996 Qui
1284 2940 1355 2984 cum

290 3011 384 3074 semel
409 3011 440 3073 in
472 3016 564 3074 stratu
595 3030 653 3075 suo
681 3012 827 3088 iacuisset,
859 3011 1011 3074 eleuatum
1035 3016 1080 3074 est
1106 3029 1161 3074 cor
1183 3011 1249 3073 eius
1271 3011 1355 3088 vltra,

290 3119 383 3180 quam
407 3100 490 3162 credi
514 3105 619 3180 potest,
650 3106 678 3163 et
708 3101 827 3164 dicebat
850 3101 881 3162 in
913 3100 1007 3162 corde
1037 3118 1108 3163 suo:
1142 3101 1253 3164 „Estne
1283 3100 1356 3161 alter

290 3190 380 3266 deus,
413 3207 505 3268 quam
536 3189 594 3252 sim
623 3191 724 3269 ego?⁴¹
786 3189 854 3252 lliis
886 3190 1023 3269 cogitatis
1053 3188 1209 3251 dormiuit.
1264 3190 1356 3250 Mane

238 3297 277 3342 ero
291 3297 365 3341 vero
403 3278 545 3356 surrexit,
588 3279 711 3341 uocauit
748 3279 859 3340 milites
896 3296 971 3341 suos
1009 3297 1045 3341 ac
1082 3282 1197 3340 ceteros
1235 3282 1264 3339 et
1300 3277 1355 3339 ait:

294 3366 480 3443 „Karissimi
505 3368 624 3430 bonum
648 3373 693 3430 est
707 3368 811 3431 cibum
829 3385 958 3444 sumere,
983 3367 1056 3446 quia
1076 3367 1169 3429 hodie
1184 3365 1222 3428 ad
1241 3384 1356 3428 uenan-

289 3455 365 3518 dum
389 3455 462 3518 volo
486 3471 640 3535 pergere.u
690 3457 733 3518 llli
757 3475 831 3519 vero
856 3456 949 3536 parati
973 3460 1058 3518 erant
1081 3455 1146 3517 eius
1169 3455 1354 3517 voluntatem

289 3545 467 3624 adimplere.
507 3545 589 3608 Cibo
613 3551 737 3626 sumpto
760 3544 799 3608 ad
823 3545 1001 3608 uenandum
1026 3549 1230 3624 perrexerunt.
1270 3543 1355 3606 Dum

289 3651 364 3696 vero
387 3633 554 3713 imperator
576 3635 744 3713 equitasset,
776 3634 859 3697 calor
884 3633 1096 3696 intollerabilis
1125 3633 1253 3712 arripuit
1274 3651 1355 3710 eum,

236 3741 275 3786 eu
291 3723 323 3784 in
347 3726 463 3784 tantum
488 3723 574 3802 quod
604 3723 764 3785 videbatur
787 3723 845 3786 sibi
870 3723 957 3801 mori,
989 3723 1046 3785 nisi
1075 3723 1106 3784 in
1137 3740 1217 3800 aqua
1244 3721 1356 3800 frigida

288 3815 393 3892 posset
431 3811 574 3874 balneari.
621 3811 769 3892 Respexit,
807 3830 825 3874 a
864 3811 956 3891 longe
994 3811 1070 3874 vidit
1107 3829 1217 3890 aquam
1257 3811 1355 3873 latam.

290 3900 376 3963 Dixit
405 3900 554 3963 militibus
584 3902 661 3963 suis:
699 3901 779 3965 „Hic
813 3901 999 3977 remaneatis,
1034 3918 1199 3980 quousque
1227 3899 1265 3961 ad
1298 3917 1356 3962 uos

287 3989 445 4052 veniaml¹⁴
483 3990 634 4052 Percussit
657 3989 840 4051 dextrarium
866 4008 937 4052 cum
961 3989 1129 4052 calcaribus
1145 3993 1174 4051 et
1188 3987 1226 4050 ad
1242 4006 1354 4067 aquam

286 4079 467 4142 festinanter
489 4079 643 4157 equitauit.
684 4078 732 4140 De
755 4096 837 4158 equo
861 4079 1025 4156 descendit,
1050 4078 1155 4140 omnia
1177 4077 1355 4139 vestimenta

232 4185 272 4232 rso
287 4167 441 4248 deposuit,
465 4183 575 4247 aquam
601 4167 723 4229 intrauit
738 4171 767 4229 et
782 4167 898 4229 tamdiu
923 4166 1038 4230 ibidem
1063 4166 1214 4242 remansit,
1239 4183 1355 4245 quous
