3584 4884
833 458 1076 516 -162-

423 648 486 693 non
509 630 590 693 bene
612 631 725 710 recepit
747 634 781 693 ut
802 630 975 693 mercedem
992 649 1080 693 suam
1096 632 1242 712 reciperet
1260 632 1292 694 in
1309 633 1368 696 hoc
1383 633 1489 697 seculo

422 724 451 782 el
474 719 506 781 in
529 718 591 781 alio
613 719 718 782 seculo
741 718 858 782 nullam
881 720 971 783 aliam
997 719 1121 783 baberet
1136 721 1377 787 retributionem.
1408 722 1489 786 Sub-

366 825 408 872 au
423 807 515 871 mersi
537 812 638 870 autem
654 808 836 871 servientem
852 809 939 885 illum
955 809 1009 889 qui
1031 808 1203 873 firmaverat
1226 810 1257 872 in
1280 811 1385 873 animo
1400 812 1488 891 quod

421 896 560 975 sequenti
583 896 635 959 die
664 896 828 959 dominum
853 915 946 960 suurn
977 897 1129 961 occideret
1155 902 1184 961 et
1211 898 1251 961 ita
1273 900 1392 962 bonum
1417 901 1489 964 hos-

422 985 515 1066 pitem
539 989 679 1048 nostrum
702 1003 721 1048 a
744 990 842 1049 morte
868 986 994 1049 liberavi
1019 991 1049 1049 et
1070 1004 1193 1049 servum
1217 1004 1309 1050 snum
1332 989 1372 1052 ab
1388 989 1488 1051 homi-

421 1073 504 1137 cidio
526 1074 638 1154 operis,
669 1074 723 1153 qui
745 1074 807 1155 jarn
832 1074 988 1139 homicida
1009 1080 1073 1137 erat
1096 1076 1256 1157 proposito
1277 1077 1356 1139 male
1378 1078 1488 1141 volun·

421 1162 496 1240 tatis,
520 1168 554 1225 ut
576 1162 680 1226 minus
704 1163 864 1244 puniretur
884 1164 916 1225 in
935 1164 1065 1227 inferno.
1104 1163 1241 1238 Quartus
1255 1169 1357 1227 autem
1374 1167 1488 1248 hospes

366 1268 408 1315 aso
423 1256 534 1329 noster,
568 1255 733 1332 antequam
763 1252 863 1315 lilium
897 1252 1030 1331 haberet,
1064 1254 1159 1315 multa
1190 1254 1273 1316 hona
1303 1254 1431 1318 iaciebat
1459 1261 1490 1318 et

421 1340 570 1421 quicquid
594 1358 688 1421 supra
702 1341 816 1403 victum
832 1346 861 1404 et
876 1342 1017 1405 vestitum
1034 1342 1147 1405 habere
1167 1346 1285 1423 poterat
1299 1345 1489 1424 pauperibus

422 1430 605 1507 reservabat;
641 1448 761 1507 verum,
801 1434 873 1493 nato
908 1430 949 1493 illi
985 1430 1064 1507 lilio,
1103 1448 1229 1494 manum
1264 1432 1305 1495 ab
1339 1433 1488 1513 operibus

422 1517 631 1583 misericordie
655 1522 816 1581 retraxerat
838 1523 868 1582 et
889 1519 995 1582 omnia
1022 1518 1170 1583 filiosuo
1194 1520 1374 1583 reservabat.
1421 1524 1488 1601 Ego

421 1612 521 1671 autem
560 1606 716 1671 materiam
753 1607 882 1671 avaricie
920 1608 1051 1671 domino
1090 1609 1275 1690 precipiente
1310 1610 1421 1673 abstuli
1458 1616 1489 1673 et

366 1697 555 1760 unanimam
591 1696 678 1777 pueri
717 1696 889 1760 innocentis
923 1696 955 1759 in
990 1696 1132 1777 paradiso
1166 1698 1341 1761 collocavit
1390 1698 1488 1773 Quod

421 1786 550 1850 audiens
573 1786 719 1849 heremita
742 1785 886 1849 liberatus
909 1790 954 1847 est
975 1786 1015 1849 ab
1038 1787 1144 1848 omnia
1166 1788 1363 1867 temptatione
1383 1793 1412 1850 et
1429 1788 1488 1852 Dei

420 1875 618 1955 judiciaque
640 1879 713 1938 sunt
733 1874 864 1956 abyssus
886 1874 982 1937 mulla
1004 1874 1082 1954 cepit
1105 1875 1286 1954 glorificare.

786 2018 835 2081 15.
875 2016 929 2097 [--
954 2017 1013 2081 Νο.
1041 2016 1123 2096 llll

512 2141 606 2207 Unde
629 2140 739 2203 dicitur
761 2140 801 2204 de
823 2140 1011 2204 Sarabadine
1028 2140 1153 2203 Damasi
1176 2144 1206 2203 et
1223 2140 1332 2221 egypti
1356 2142 1488 2206 soldano

421 2229 516 2310 qnod,
555 2229 734 2292 imminente
771 2230 879 2293 mortis
916 2228 1052 2305 articulo,
1091 2229 1225 2309 precepit
1261 2234 1295 2291 ut
1328 2232 1488 2295 modicum

366 2319 480 2383 nutele
510 2337 565 2399 per
578 2319 684 2380 'tolum
713 2336 843 2397 regnum
874 2336 967 2381 suum
997 2318 1227 2381 circumferetur
1256 2323 1327 2399 post
1356 2324 1488 2384 mortem

422 2407 528 2487 ipsius,
558 2410 588 2469 et
609 2424 686 2469 voce
716 2406 894 2486 preconaria
916 2407 1097 2470 clamaretur
1123 2407 1209 2487 quod
1234 2408 1326 2471 nichil
1354 2410 1489 2489 amplius

420 2514 525 2559 secum
554 2494 710 2558 deferebat
736 2514 774 2557 ex
801 2496 1034 2575 omnibusque
1061 2496 1200 2559 habebat.
1252 2497 1346 2561 Unde
1365 2498 1425 2577 Job
1448 2499 1488 2561 de

418 2585 509 2653 vanis
530 2588 561 2647 et
580 2584 722 2664 reprobis
749 2584 930 2647 hominibus
952 2584 1005 2647 aii:
1036 2584 1132 2649 „elati
1162 2586 1298 2648 suntad
1328 2586 1487 2649 modicum

421 2680 450 2737 et
473 2692 537 2737 non
560 2672 727 2737 subsistent
748 2672 822 2752 quia
841 2673 942 2736 carnis
963 2673 1062 2753 gloria
1085 2674 1160 2736 dum
1185 2674 1259 2736 nitet
1281 2675 1360 2737 cadit
1375 2690 1402 2737 .³
1421 2722 1486 2741 ...

782 2819 831 2878 ld.
872 2815 926 2895 [=
950 2814 1011 2881 No.
1039 2814 1123 2896 l34.]

366 2962 408 3009 aas
513 2940 659 3021 Legimus
688 2943 788 3003 antem
819 2939 907 3019 quod
934 2939 1061 3019 quidam
1090 2938 1194 3017 bomo,
1224 2939 1300 3002 dum
1329 2940 1487 3019 lugereta

422 3032 499 3095 facie
528 3030 700 3108 unicornis,
740 3029 854 3093 decidit
887 3029 919 3091 in
955 3029 1076 3091 foveam
1113 3046 1255 3107 magnam
1291 3033 1321 3091 et
1357 3029 1486 3109 prolun-

421 3122 502 3199 dam,
531 3124 567 3198 et,
595 3120 727 3183 extensis
750 3119 901 3196 manibus,
932 3117 1135 3199 apprehendit
1161 3117 1354 3180 arbusculam
1383 3135 1485 3196 unam,

421 3216 451 3273 et
483 3210 624 3290 aperiens
657 3208 766 3271 oculos
799 3208 876 3271 vidit
912 3207 994 3270 duos
1032 3224 1148 3285 mures,
1185 3224 1283 3268 unum
1317 3206 1422 3269 album
1458 3217 1487 3269 et

421 3300 516 3361 alium
544 3298 677 3377 nigrum,
706 3296 869 3360 arbuscule
895 3296 1029 3359 radicem
1062 3296 1245 3359 incessanter
1276 3294 1426 3372 rodentes,
1458 3300 1487 3359 el

367 3407 408 3453 aro
423 3388 551 3467 insuper
573 3390 706 3466 quatuor
734 3385 876 3465 aspidum
901 3385 1081 3465 capitaque
1110 3386 1253 3448 arborem
1281 3384 1487 3448 corrodebant

421 3480 451 3538 et
464 3476 695 3550 consumebant,
711 3478 740 3535 et
755 3474 786 3535 in
802 3473 903 3536 fundo
918 3474 1007 3536 iovee
1019 3474 1095 3536 vidit
1109 3474 1296 3537 drachonem
1313 3473 1485 3553 cupientem

421 3564 524 3644 ipsum
558 3563 714 3627 devorare
761 3562 910 3643 Superius
943 3567 1044 3625 autem
1079 3580 1173 3643 supra
1206 3566 1296 3642 caput
1330 3562 1396 3641 ejus
1429 3562 1485 3625 iilo

420 3652 504 3715 tenui
528 3651 681 3731 pendebat
696 3651 818 3730 gladius
839 3651 1033 3715 acutissimus
1049 3652 1102 3731 qui
1118 3651 1206 3731 ospiti
1230 3650 1297 3729 ejus
1320 3650 1486 3713 imminens

421 3745 543 3821 puatus
569 3745 633 3803 erat
663 3740 765 3820 ipsum
798 3740 962 3820 perforare.
1008 3740 1090 3803 Cum
1113 3746 1213 3802 autem
1246 3740 1277 3801 in
1301 3743 1384 3801 lanto
1408 3744 1487 3802 esset

366 3847 408 3895 au
423 3830 561 3911 periculo
586 3828 639 3909 [io.
659 3828 762 3908 totu]
787 3828 910 3891 elevatis
932 3828 1030 3892 oculis
1045 3828 1121 3892 vidit
1136 3828 1294 3891 modicum
1318 3829 1377 3890 mel
1398 3828 1483 3907 quod

421 3919 460 3982 de
476 3918 569 3982 ramis
591 3918 754 3981 arbuscula
765 3918 936 3995 distillabat,
953 3922 981 3981 et
996 3918 1094 3981 statim
1110 3922 1263 3980 tantorum
1277 3917 1483 3997 periculorum

422 4008 543 4086 oblitus,
575 4008 654 4087 cepit
676 4025 802 4069 manum
827 4008 985 4087 porrigere
1008 4014 1037 4070 et
1059 4006 1158 4069 mellis
1180 4005 1335 4068 dulcedini
1359 4005 1485 4082 inhiare,

421 4102 451 4160 et
464 4116 535 4159 ecoe
549 4098 654 4159 subito
669 4101 698 4158 et
712 4096 884 4175 improviso
907 4097 1018 4160 arbore
1041 4113 1102 4175 que
1117 4094 1336 4157 corrodebalur
1351 4094 1484 4170 cadente,

420 4190 451 4248 et
483 4185 588 4264 gladio
622 4183 748 4247 cadente
781 4200 875 4262 super
908 4188 999 4263 caput
1032 4184 1111 4261 ejus,
1149 4182 1264 4244 corruit
1297 4182 1327 4243 in
1364 4181 1483 4245 foveam

1032 4537 1188 4615 A
