3584 4884
848 462 1069 518 ..30-

424 638 522 697 totum
552 651 668 696 annum
697 637 757 695 tam
785 651 895 695 amena
923 650 986 695 nox
1015 632 1093 696 sicut
1117 628 1177 714 (BL
1204 630 1308 711 tStr.)
1332 631 1395 710 ista,
1425 631 1493 694 sine

425 723 511 786 omni
529 722 634 802 pluuia
648 740 684 784 ac
698 721 879 801 grandine.a
913 720 1010 800 Ciuis,
1033 740 1104 784 cum
1121 722 1181 784 boc
1195 720 1336 798 audisset,
1360 720 1492 784 domum

424 829 511 874 suam
536 811 658 873 intrauit
681 815 710 873 et
731 811 784 873 ait:
819 810 985 886 „Domina
1016 810 1095 873 sicut
1117 814 1149 872 tu
1174 810 1266 872 michi
1290 809 1424 886 retulisti,
1453 810 1494 871 ita

370 900 532 963 condicunt
562 899 652 962 vicini
685 899 745 962 mei
775 899 861 979 quod
893 917 948 979 per
977 903 1074 962 totum
1104 917 1220 961 annum
1252 902 1400 961 nouerat
1430 903 1492 960 tam

424 1007 533 1052 amena
556 1007 618 1051 nox
645 988 723 1051 sicut
753 993 841 1051 nocte
872 989 957 1051 ista.¹¹
1007 987 1079 1061 Que
1101 987 1154 1049 ait:
1190 987 1240 1052 ,Ο
1263 987 1398 1064 domine,
1431 987 1492 1049 iam

424 1077 495 1141 satis
518 1081 619 1157 aperte
651 1076 840 1157 perpendere
869 1077 994 1158 potestis
1023 1076 1110 1156 quod
1141 1075 1274 1139 mendax
1303 1079 1348 1138 est
1374 1081 1404 1138 et
1429 1075 1493 1139 dis-

426 1166 562 1230 cordiam
587 1166 665 1228 inter
688 1183 746 1229 nos
769 1165 846 1229 lecit.
894 1167 930 1228 Et
957 1183 1106 1245 peream
1135 1183 1190 1245 per
1220 1169 1313 1228 totam
1342 1164 1493 1227 civitatem

425 1273 494 1318 sum
511 1254 695 1318 diffamatam
734 1253 822 1318 Ciuis
838 1255 970 1335 perrexit
991 1254 1031 1316 ad
1055 1254 1153 1335 picam
1178 1258 1208 1316 et
1229 1255 1270 1316 ait
1291 1253 1332 1316 ei:
1359 1254 1494 1319 »Nonne

370 1344 560 1424 obpropriis
599 1343 742 1407 manibus
780 1343 911 1423 singulis
945 1343 1057 1406 diebus
1087 1343 1249 1423 pascebam
1282 1343 1332 1405 te?
1390 1343 1426 1405 Et
1459 1347 1493 1404 tu

426 1432 584 1496 mendacia
606 1432 684 1494 inter
707 1450 756 1494 me
780 1437 809 1495 et
830 1450 958 1495 vxorem
983 1432 1120 1512 posuisti,
1143 1431 1307 1494 intantum
1332 1431 1419 1511 quod
1438 1450 1495 1511 per

426 1521 585 1584 mendacia
606 1525 658 1583 tua
681 1539 759 1584 vxor
781 1539 848 1584 mea
872 1539 928 1600 per
949 1525 1042 1583 totam
1066 1520 1216 1583 civitatem
1232 1525 1278 1582 est
1292 1520 1490 1582 diffamata?a

425 1610 475 1674 Ait
490 1610 569 1691 pica:
596 1610 712 1675 „Nouit
727 1609 804 1672 deus
825 1609 911 1689 quod
937 1609 1041 1672 nescio
1065 1609 1199 1684 mentiri;
1222 1609 1277 1672 sed
1293 1609 1371 1672 sicut
1385 1608 1494 1671 audiui

426 1704 455 1762 et
477 1699 549 1777 vidi,
573 1699 617 1762 sic
639 1698 694 1761 tibi
719 1698 841 1761 retuli!¹‘
889 1699 930 1760 nt
952 1697 1018 1760 ille:
1045 1698 1221 1763 „Mentirisl
1262 1698 1375 1760 Nonne
1399 1698 1494 1760 michi

371 1807 412 1854 uon
427 1788 528 1851 dixisti
557 1788 643 1867 quod
672 1793 760 1851 nocte
791 1787 845 1850 ista
870 1787 1000 1850 tuissent
1026 1786 1155 1866 grando,
1184 1787 1236 1848 nix
1259 1791 1288 1848 et
1315 1786 1429 1868 pluuia,
1461 1787 1493 1849 in

426 1881 543 1940 tantum
578 1877 664 1956 quod
699 1876 762 1939 iere
792 1876 883 1939 vitam
917 1881 999 1937 tuam
1030 1875 1179 1939 amisisti?
1231 1875 1313 1939 Cum
1343 1879 1445 1938 tamen
1475 1895 1495 1937 a

426 1967 534 2030 vicinis
565 1965 650 2043 meis,
686 1965 740 2046 qui
771 1969 799 2028 te
829 1965 970 2044 diligunt,
1001 1965 1156 2027 veritatem
1189 1964 1310 2044 quesiui
1341 1969 1371 2027 et
1394 1968 1493 2026 totum

427 2055 605 2136 oppositum
622 2054 714 2117 michi
731 2054 886 2132 dixerunt,
911 2055 1016 2130 immo,
1040 2053 1127 2133 quod
1151 2053 1222 2134 plus
1244 2058 1296 2131 est,
1320 2072 1375 2134 per
1394 2057 1493 2116 totum

426 2161 543 2205 annum
567 2161 630 2206 non
655 2147 717 2205 erat
740 2161 802 2206 nox
825 2147 885 2205 tam
901 2160 1011 2205 amena
1033 2143 1111 2205 sicut
1126 2147 1215 2205 nocte
1238 2143 1301 2204 ista
1335 2142 1494 2205 Ammodo

372 2250 412 2296 ror
427 2232 496 2294 talia
526 2232 684 2294 mendacia
715 2249 772 2294 nec
800 2231 987 2294 discordiam
1019 2232 1098 2293 inter
1129 2249 1179 2293 me
1210 2236 1240 2293 et
1270 2249 1396 2294 uxorem
1428 2248 1493 2292 non

426 2319 545 2382 iacies.⁴¹
595 2320 698 2382 Picam
721 2321 836 2400 accepit
858 2325 888 2383 et
918 2325 1009 2400 caput
1040 2320 1106 2382 eius
1136 2319 1176 2382 de
1202 2337 1333 2400 corpore
1360 2321 1493 2382 extraxit.

428 2408 576 2486 Domina,
608 2426 678 2470 cum
710 2408 769 2471 hoc
798 2408 936 2486 vidisset,
967 2409 1073 2488 ganisa
1103 2413 1148 2472 est
1177 2408 1266 2472 valde
1296 2413 1326 2470 et
1353 2408 1407 2471 ait:
1442 2408 1493 2474 „0

427 2496 561 2575 domine,
578 2497 726 2576 optimam
743 2515 807 2559 rem
823 2497 933 2576 iecisti,
957 2498 1017 2560 iam
1035 2498 1205 2578 poterimus
1221 2498 1251 2559 in
1269 2515 1343 2577 pace
1357 2497 1491 2560 viuere!

427 2584 509 2648 Cum
532 2604 606 2648 vero
630 2586 729 2666 picam
753 2585 920 2662 occidisset,
945 2586 1076 2666 respexit
1090 2604 1192 2667 supra,
1215 2586 1292 2648 vidit
1310 2586 1342 2648 in
1365 2586 1495 2649 summi-

372 2693 412 2739 510
427 2679 485 2737 tate
507 2673 621 2737 domus
643 2675 783 2737 foramen
807 2679 836 2736 et
858 2675 979 2752 scalam,
1003 2694 1058 2756 per
1080 2693 1174 2754 quam
1189 2675 1395 2738 ascendebant
1416 2693 1496 2738 vxor

427 2771 456 2826 et
477 2763 595 2826 ancilla
641 2763 876 2841 Ammirabatur,
906 2781 1000 2843 quare
1023 2764 1102 2827 scala
1126 2764 1241 2826 ibidem
1266 2764 1365 2844 posita
1388 2764 1495 2826 luisset

427 2858 455 2915 et
478 2852 640 2932 quomodo
663 2852 802 2915 toramen
833 2853 946 2915 tactum
976 2853 1091 2917 luisset.
1139 2852 1244 2916 Statim
1277 2871 1333 2933 per
1363 2853 1493 2915 eandem

426 2942 537 3005 scalam
560 2941 697 3004 ascendit
719 2945 748 3004 et
770 2959 863 3021 supra
886 2946 998 3004 tectum
1021 2959 1075 3004 vas
1097 2960 1177 3021 aque
1193 2942 1319 3022 plenum
1336 2945 1366 3003 et
1380 2959 1495 3022 paruos

427 3031 549 3112 lapillos
564 3049 599 3093 ac
614 3031 758 3093 harenam
776 3031 868 3092 maris
884 3031 1011 3093 inuenit.
1043 3029 1138 3106 Ciuis,
1155 3049 1226 3093 cum
1244 3031 1303 3093 lroc
1319 3029 1494 3108 inuenisset,

373 3137 414 3184 515
430 3120 569 3182 fraudem
592 3120 697 3183 vxoris
724 3137 779 3182 sue
807 3119 963 3199 cognouit,
994 3119 1157 3199 quomodo
1185 3120 1284 3198 picam
1313 3137 1383 3181 cum
1406 3137 1494 3198 aqua,

429 3209 582 3289 lapidibus
605 3214 634 3271 et
664 3210 777 3272 harena
807 3208 901 3271 maris
928 3227 983 3288 per
1010 3212 1102 3271 totam
1135 3213 1255 3270 noctem
1279 3207 1494 3285 contuderunt,

428 3316 483 3377 per
510 3317 571 3378 que
599 3298 665 3377 pica
695 3298 824 3361 credidit
853 3299 940 3378 quod
972 3297 1078 3377 pluuia
1108 3303 1137 3359 et
1164 3296 1285 3376 grando
1313 3301 1399 3359 esset
1446 3296 1495 3358 De

427 3387 507 3449 scala
537 3386 694 3448 descendit
724 3392 753 3449 et
782 3405 858 3450 voce
887 3387 946 3448 alta
975 3386 1127 3448 clamauit:
1162 3387 1253 3450 „Heu
1285 3385 1386 3461 michi,
1417 3385 1493 3447 heu!

377 3472 380 3480 ’
428 3479 554 3554 propter
583 3474 712 3536 verbum
743 3475 847 3538 vxoris
878 3493 946 3538 mee
977 3476 1091 3538 bonam
1125 3475 1223 3554 picam
1256 3492 1355 3536 meam
1386 3474 1495 3552 occidi,

373 3579 414 3625 rao
429 3580 490 3641 que
506 3567 568 3624 erat
579 3567 675 3624 totum
688 3563 835 3626 solacium
849 3582 953 3626 meum
966 3568 995 3626 et
1006 3564 1160 3626 veritatem
1171 3563 1248 3625 dixit
1262 3563 1293 3624 in
1310 3563 1493 3625 omnibusla

428 3649 533 3714 Statim
558 3669 612 3730 pre
627 3650 735 3714 dolore
760 3652 894 3714 lanceam
911 3671 998 3714 suam
1018 3653 1050 3714 in
1067 3653 1123 3716 ‚lll
1142 3658 1240 3732 partes
1255 3652 1357 3731 tregit,
1382 3653 1495 3729 omnia,

427 3757 489 3818 que
512 3739 625 3816 habuit,
649 3739 787 3801 vendidit
810 3746 838 3802 et
860 3740 900 3802 ad
924 3745 1033 3803 terram
1053 3745 1186 3803 sanctam
1211 3741 1342 3821 perrexit
1364 3746 1392 3802 et
1416 3758 1496 3803 nun-

428 3845 521 3907 quam
545 3827 584 3890 ad
607 3846 733 3891 vxorem
761 3833 806 3890 est
829 3846 979 3891 reuersus.

517 3917 605 3979 Tunc
627 3917 668 3978 ait
683 3917 826 3996 magister
842 3917 1031 3996 imperatori:
1058 3955 1072 3982 ‚r
1079 3918 1224 3995 Domine,
1248 3917 1418 3979 intellexisti
1434 3934 1497 3996 que

374 4024 415 4071 aaa
430 4005 534 4068 dixin«
575 4005 616 4068 nt
638 4005 700 4068 ille:
727 4006 857 4080 „liciam
882 4006 1080 4085 peroptime.¹‘
1121 4005 1186 4080 Qui
1208 4007 1261 4068 ait:
1289 4006 1422 4071 „Nonne
1445 4005 1497 4067 illa

429 4095 486 4157 tuit
508 4095 673 4172 maledicta,
698 4113 759 4173 que
781 4094 825 4157 sic
848 4095 946 4174 picam
967 4094 1065 4156 occidi
1081 4094 1192 4157 fecerat
1214 4113 1270 4174 per
1292 4094 1493 4157 mendacia?“

429 4184 468 4245 llt
491 4183 552 4245 ille:
586 4183 717 4259 „liciam
748 4186 810 4244 tota
837 4181 928 4260 plena
955 4180 1235 4258 maledictionibus;
1267 4182 1399 4244 multum
1428 4183 1497 4263 pice
