3584 4884
850 477 1093 531 —142—

438 667 471 712 se
505 648 668 728 cogitabat:
710 647 871 712 „Secunda
904 647 1058 727 sapiencia
1092 665 1159 708 mea
1193 651 1263 724 erat,
1302 647 1388 725 quod
1424 647 1507 709 viam

439 737 593 818 publicam
625 741 749 816 propter
776 736 915 798 semitam
947 753 1011 798 non
1042 735 1234 813 dimitterem,
1265 736 1319 798 sed
1344 753 1400 815 per
1422 736 1508 797 uiam

440 827 527 888 latam
552 843 719 906 pergerem.
759 825 822 888 Vos
838 842 922 904 ergo,
946 825 999 904 qui
1022 824 1115 886 vultis
1137 843 1193 906 per
1215 825 1352 886 semitam
1370 842 1508 904 pergere,

377 915 478 982 roooite
501 919 530 977 et
552 913 659 977 omnia
681 912 871 995 preparatela
915 913 959 975 llli
975 931 1049 976 vero
1065 932 1121 993 per
1136 914 1273 976 semitam
1298 919 1509 993 perrexerunt.

441 1003 555 1066 Inimici
579 1021 654 1066 vero
677 1021 747 1065 cum
772 1005 872 1066 essent
895 1002 927 1064 in
951 1002 1079 1079 insidiis,
1102 1001 1275 1080 credebant,
1298 1002 1384 1082 quod
1409 1002 1509 1082 impe-

441 1097 521 1155 rator
559 1092 636 1154 inter
674 1109 728 1154 eos
766 1097 857 1169 esset,
896 1109 1006 1154 omnes
1043 1095 1240 1154 surrexerunt
1278 1096 1314 1168 et,
1352 1094 1511 1170 quotquot

441 1182 632 1258 inuenemnt,
665 1179 850 1244 occiderunt.
898 1179 962 1248 Rex
994 1198 1068 1243 vero
1099 1198 1169 1242 cum
1203 1181 1262 1244 hoc
1292 1180 1434 1256 audisset,
1467 1180 1511 1241 ait

441 1270 518 1332 intra
547 1287 592 1332 se:
631 1270 712 1334 „lam
743 1268 878 1332 secunda
908 1269 1061 1349 sapiencia
1090 1269 1182 1331 vitam
1215 1287 1314 1331 meam
1346 1269 1506 1332 saluauit.“

379 1379 431 1425 roos
442 1367 470 1421 4.
507 1357 550 1420 llli
581 1357 621 1421 de
653 1357 783 1438 imperio
813 1358 959 1434 videntes,
994 1358 1080 1438 quod
1115 1376 1171 1438 per
1204 1358 1287 1420 illam
1318 1358 1398 1420 viam
1434 1377 1508 1420 eum

441 1447 580 1512 occidere
603 1465 666 1510 non
692 1451 824 1527 possent,
848 1447 926 1510 inter
948 1465 981 1509 se
1001 1446 1225 1526 conspirabant,
1249 1446 1412 1527 quomodo
1435 1465 1510 1508 eum

441 1540 590 1614 necarent,
614 1535 818 1615 dixeruntque
834 1536 912 1597 inter
926 1554 972 1598 se:
999 1536 1083 1600 „Tati
1107 1535 1158 1598 die
1182 1537 1237 1598 erit
1260 1537 1291 1598 in
1314 1536 1364 1598 tali
1388 1536 1511 1598 ciuitate

442 1625 611 1705 hospitatus
634 1643 704 1688 cum
728 1624 786 1702 tali,
820 1625 851 1686 in
885 1643 947 1704 qua
976 1624 1073 1688 domo
1097 1642 1207 1687 omnes
1237 1626 1407 1688 nobiliores
1437 1626 1511 1688 hos

442 1715 582 1796 pilantur,
606 1713 678 1793 quia
701 1731 764 1776 non
789 1717 833 1776 est
855 1713 914 1775 alia
930 1713 1044 1776 domus
1067 1713 1125 1776 nisi
1150 1713 1201 1776 illa
1223 1714 1291 1777 sola
1313 1732 1370 1794 pro
1395 1714 1511 1776 nobili-

380 1824 433 1869 1010
442 1803 559 1868 oribus,
606 1803 827 1866 Conducamus
850 1803 1002 1882 hospitem
1027 1820 1097 1865 cum
1116 1821 1212 1866 vxore
1235 1803 1347 1883 precio,
1371 1806 1412 1879 ut,
1436 1821 1510 1866 cum

443 1893 607 1972 imperator
621 1891 787 1968 dormierit,
812 1891 899 1954 illum
923 1891 1097 1955 occidantl⁴⁴
1138 1891 1220 1954 Cum
1244 1910 1319 1954 vero
1343 1892 1512 1971 imperator

442 1981 481 2044 ad
505 1981 587 2044 illam
611 1981 760 2044 ciuitatem
785 1981 917 2043 venisset
939 1985 968 2043 et
990 1981 1021 2042 in
1045 1980 1103 2042 ede
1126 1981 1176 2042 illa
1201 1981 1370 2061 hospitatus
1393 1980 1511 2056 fuisset,

442 2071 540 2133 statim
575 2069 645 2132 iecit
678 2087 787 2133 vocare
817 2070 856 2132 ad
887 2087 921 2132 se
955 2070 1107 2149 hospitem
1143 2069 1265 2132 domus.
1317 2069 1401 2132 Cum
1434 2088 1512 2131 vero

444 2160 557 2238 hospes
580 2158 754 2238 imperatori
778 2158 885 2221 fuisset
908 2162 1104 2238 presentatus
1131 2159 1273 2238 apparuit
1295 2159 1392 2222 homo
1415 2176 1512 2221 senex

381 2265 434 2311 1015
443 2247 539 2309 valde.
578 2246 628 2308 ait
650 2248 827 2326 imperator:
854 2247 1036 2326 „Numquid
1060 2265 1186 2310 vxorem
1211 2248 1348 2310 habes?‘⁴
1389 2247 1511 2309 atille:

447 2335 578 2412 fficiam,
602 2335 756 2398 domine.‘⁴
798 2335 862 2408 Qui
885 2336 938 2397 ait:
965 2335 1124 2400 „Ostende
1147 2336 1240 2399 michi
1264 2338 1366 2398 eam!¹‘
1404 2335 1511 2409 Quam

444 2443 513 2486 cum
546 2442 598 2486 rex
627 2423 760 2500 vidisset,
794 2425 935 2504 apparuit
965 2424 1128 2487 iuuencula
1160 2425 1341 2505 habensque
1371 2425 1403 2486 in
1434 2429 1512 2487 etate

444 2514 525 2576 XVll
556 2529 663 2575 annos.
718 2513 884 2592 Imperator
916 2531 987 2575 cunr
1018 2514 1079 2576 hoc
1107 2514 1240 2589 vidisset,
1270 2515 1311 2575 ait
1341 2513 1512 2576 camerario

444 2620 515 2665 suo:
549 2601 653 2668 „Vade
680 2600 739 2663 cito
767 2605 797 2662 et
823 2601 895 2663 alibi
929 2620 1057 2682 prepara
1085 2603 1177 2665 michi
1206 2604 1327 2681 lectum,
1359 2603 1432 2682 quia
1460 2601 1513 2664 hic

382 2709 508 2755 1oaonon
533 2690 672 2753 iacebol¹⁴
721 2691 760 2752 At
783 2689 845 2752 ille:
880 2690 931 2755 »Ο
962 2691 1098 2767 domine,
1129 2710 1203 2753 cena
1232 2696 1278 2754 est
1308 2695 1410 2772 parata
1437 2710 1511 2754 cum

445 2781 521 2844 lecto
529 2800 536 2858 ;
568 2797 632 2842 non
656 2783 734 2841 esset
757 2779 876 2842 bonum
901 2779 960 2841 iam
992 2779 1165 2859 hospicium
1194 2780 1352 2858 dimittere,
1381 2780 1455 2859 quia
1478 2781 1510 2842 in

444 2874 505 2932 tota
528 2869 646 2932 ciuitate
670 2886 733 2931 non
755 2871 800 2931 est
822 2868 996 2948 hospicium
1019 2869 1121 2931 vtilius
1145 2887 1202 2949 pro
1226 2870 1345 2932 uobis.‘¹
1383 2869 1423 2931 At
1446 2869 1511 2932 ille:

448 2959 504 3027 „Et
526 2977 585 3038 ego
608 2957 662 3020 tibi
679 2957 758 3034 dico,
782 2957 855 3037 quia
869 2958 941 3020 alibi
959 2957 1054 3020 iacere
1070 2958 1171 3021 volo.¹¹
1206 2957 1310 3021 Statim
1327 2958 1513 3020 camerarius

446 3048 551 3110 omnia
574 3047 726 3124 mouebat,
758 3050 787 3109 et
809 3065 862 3109 rex
884 3047 923 3108 ad
946 3046 1029 3108 aliud
1058 3047 1231 3126 hospicium
1262 3047 1318 3109 iuit
1340 3047 1460 3110 occulte
1482 3052 1514 3108 et

384 3154 437 3201 1025
446 3136 522 3198 dixit
544 3136 692 3199 militibus
714 3136 793 3198 suis:
827 3137 918 3213 nvos,
949 3136 1003 3215 qui
1026 3136 1117 3198 vultis
1141 3136 1191 3199 hic
1213 3154 1345 3212 manere,
1375 3136 1512 3215 potestis,

446 3225 500 3288 sed
524 3225 583 3288 cito
610 3225 650 3287 ad
679 3243 736 3301 me,
768 3242 838 3288 cum
863 3224 929 3286 dies
951 3224 1031 3303 assit,
1061 3225 1222 3287 veniatis!¹‘
1272 3225 1317 3286 llli
1340 3242 1415 3287 vero
1439 3242 1512 3304 pro-

446 3314 595 3376 miserunt
616 3331 650 3376 se
673 3331 739 3376 esse
762 3319 917 3377 venturos.
963 3312 1045 3376 Cum
1076 3318 1176 3376 autem
1208 3332 1317 3376 omnes
1340 3313 1514 3376 dormirent

447 3402 478 3463 in
517 3402 612 3479 lectis,
650 3419 744 3464 senex
782 3420 852 3465 cum
891 3420 986 3465 vxore
1024 3420 1080 3464 sua
1116 3403 1257 3480 surrexit,
1296 3403 1369 3482 quia
1407 3402 1513 3482 precio

446 3490 589 3552 conducti
621 3495 712 3567 erant,
746 3495 779 3552 ut
808 3509 912 3569 regem
943 3490 1147 3554 dormientem
1179 3491 1364 3568 occiderent;
1399 3490 1512 3553 sedin

384 3597 437 3643 roso
447 3596 511 3658 quo
535 3579 612 3641 lecto
636 3597 688 3641 rex
711 3579 826 3654 iaceret,
857 3579 978 3658 penitus
1001 3580 1185 3659 ignorabant
1207 3600 1264 3643 nec
1285 3580 1325 3643 de
1347 3579 1428 3643 exitu
1452 3597 1512 3642 suo

447 3667 590 3730 sciebant.
626 3668 817 3729 intrauerunt
839 3686 988 3730 cameram
1013 3669 1044 3730 in
1065 3687 1126 3747 qua
1146 3669 1257 3732 milites
1271 3671 1324 3732 Vll
1341 3669 1512 3745 iacuerunt;

447 3773 542 3818 vnum
568 3759 638 3835 post
659 3755 752 3818 alium
777 3755 964 3835 iugulabant.
999 3758 1091 3819 Mane
1114 3776 1188 3821 vero
1212 3777 1265 3821 rex
1287 3757 1418 3820 surrexit
1440 3775 1511 3820 cum

447 3843 511 3907 suis
534 3849 563 3906 et
585 3843 623 3906 ad
648 3844 724 3906 illud
748 3845 921 3924 hospicium
945 3846 1028 3907 venit
1043 3864 1184 3924 querens,
1206 3847 1259 3909 vbi
1276 3847 1386 3910 milites
1401 3849 1511 3909 essent

447 3933 498 3996 Ait
520 3950 626 3996 senex:
660 3933 825 4010 „Domine
849 3933 903 3995 diu
927 3938 979 4011 est,
1010 3934 1096 4013 quod
1120 3939 1317 3997 sumexerunt
1338 3941 1368 3998 et
1389 3936 1429 3997 ad
1453 3952 1513 3998 uos

386 4041 439 4089 10³5
449 4027 675 4103 perrexerunt«
709 4022 808 4086 Senex
823 4026 924 4084 autem
941 4041 1011 4085 cum
1028 4041 1131 4102 regem
1147 4023 1279 4100 vidisset,
1294 4025 1514 4087 ammirabatur

450 4117 478 4176 et
500 4112 602 4192 ipsum
626 4111 766 4174 credebat
789 4111 945 4174 occidisse.
993 4112 1057 4179 Rex
1079 4129 1154 4174 vero
1171 4108 1216 4173 'de
1240 4111 1387 4175 militibus
1410 4113 1513 4192 requi-

449 4201 527 4278 siuit,
551 4205 665 4264 etcum
683 4199 924 4262 eosinterfectos
947 4200 1121 4274 inuenisset,
1144 4199 1336 4259 contristatus
1359 4207 1404 4262 est
1424 4202 1513 4264 valde
