3584 4884
690 465 936 526 -153—

219 639 308 702 uuei
326 638 483 719 quandam
500 640 664 719 pocionem
679 640 718 703 ad
735 640 943 720 bibielndum.
977 640 1060 705 Cum
1083 646 1183 705 autem
1207 646 1348 723 potasset,

279 728 378 791 tactus
392 732 438 791 est
460 745 562 792 sanus.
598 729 668 792 Hoc
682 728 762 792 iacto
777 734 868 809 caput
889 730 961 809 equi
985 731 1017 791 in
1041 731 1189 793 orientem
1214 732 1349 811 ponebat

279 820 308 879 et
330 816 385 879 ait:
419 818 523 894 „Ecce
547 817 682 892 domine,
712 822 822 880 ventus
849 822 894 881 est
924 823 1056 882 mutatus
1085 820 1126 882 ab
1147 819 1292 900 aquilone
1316 820 1347 883 in

279 906 468 968 orientem!‘⁴
522 906 573 968 Ait
606 924 671 969 rex:
713 906 819 979 „Quid
849 912 895 969 esi
925 907 986 970 hoc
1014 907 1052 969 ad
1085 911 1252 971 uentum?u
1308 909 1348 971 nt

279 995 344 1057 iiie:
382 995 554 1073 momine,
589 1013 694 1058 nonne
724 999 842 1059 constat
874 1000 926 1059 tue
958 995 1135 1076 prvdencie,
1170 998 1256 1077 quod
1286 998 1347 1061 vita

222 1100 272 1145 nan
281 1084 506 1163 cuiuscumque
528 1083 669 1147 animalis
692 1102 756 1147 non
772 1090 816 1147 est
832 1084 890 1147 nisi
907 1087 1038 1148 ventus?
1076 1084 1234 1160 Quamdiu
1251 1104 1348 1167 eqvus

279 1190 370 1234 meus
385 1173 501 1235 maium
517 1173 700 1252 paciebatur,
724 1179 787 1236 crat
808 1174 840 1235 in
855 1174 1011 1253 aquilone,
1034 1176 1107 1254 quia
1122 1192 1216 1237 omne
1232 1176 1346 1237 malum

278 1260 426 1341 panditur
447 1262 488 1324 ab
509 1262 665 1341 aquilone.
710 1262 771 1326 Sed
796 1262 893 1326 modo
918 1282 973 1344 per
996 1264 1169 1343 potionem,
1201 1282 1294 1343 quam
1318 1264 1346 1326 ei

278 1349 361 1427 dedi,
393 1350 539 1413 liberatus
568 1355 613 1414 est
641 1351 680 1414 ab
711 1352 798 1413 omni
829 1352 911 1415 maio
941 1356 971 1414 et
999 1356 1090 1432 caput
1118 1370 1209 1415 suum
1240 1370 1347 1415 versus

277 1440 439 1515 orientem,
463 1457 501 1502 eo
524 1439 611 1519 quod
635 1445 757 1520 paratus
778 1445 830 1518 est,
854 1440 1076 1520 quodcumque
1092 1458 1173 1503 onus
1196 1446 1343 1521 porure.u

218 1544 270 1590 roo
370 1533 401 1590 6.
423 1528 474 1590 nit
497 1546 562 1591 rex:
589 1528 686 1593 „suis
708 1529 787 1592 clare
810 1529 890 1591 istud
908 1530 1052 1609 probasti.
1088 1531 1148 1591 lam
1164 1530 1204 1591 ad
1220 1531 1345 1593 tercium

278 1616 520 1697 procedamust¹¹
576 1618 615 1679 nt
645 1617 708 1679 ilie:
743 1618 909 1695 „Domine
941 1622 1063 1697 paratus
1093 1632 1191 1681 sumt
1241 1619 1345 1683 Statim

276 1724 383 1769 coram
407 1706 557 1769 omnibus
579 1706 718 1786 impleuit
747 1724 858 1769 manus
885 1724 957 1769 suas
987 1706 1095 1787 prunis
1118 1706 1296 1770 ardentibus
1318 1712 1347 1769 et

277 1795 308 1857 in
333 1794 438 1857 sinum
463 1795 574 1875 posuit
597 1799 627 1857 et
648 1812 720 1858 caro
744 1795 811 1857 eius
833 1795 865 1856 in
889 1796 978 1858 nulio
1001 1795 1168 1858 tedebatur.
1208 1796 1258 1858 Ait
1280 1814 1345 1858 rex:

280 1883 370 1948 ‚Alia
392 1883 458 1946 duo
481 1884 553 1946 satis
575 1884 654 1946 clare
676 1883 748 1945 vidi.
786 1883 847 1947 Sed
870 1883 922 1947 dic
945 1884 1047 1961 michi,
1071 1884 1234 1964 quomodo
1256 1884 1347 1963 glebe

219 1988 342 2035 rinnon
367 1972 476 2034 ledunt
498 1973 568 2034 te.it
608 1972 649 2034 nt
668 1972 732 2034 iile:
758 1972 851 2037 ‚Non
867 1972 977 2035 virtute
1000 1990 1080 2050 mea;
1103 1972 1157 2035 sed
1182 1973 1231 2035 hic
1247 1974 1346 2036 habeo

277 2060 435 2141 quendam
460 2060 593 2140 lapidem
621 2060 653 2122 in
681 2061 785 2123 loculo
808 2078 888 2123 meo.
934 2061 1024 2125 Vnde
1047 2063 1236 2142 quicumque
1259 2062 1345 2124 iilum

277 2149 397 2213 munde
421 2149 595 2229 portauerit,
618 2168 636 2211 a
658 2149 746 2212 nullo
770 2150 842 2229 igne
857 2168 915 2211 nec
936 2168 1017 2230 aqua
1040 2150 1099 2213 ledi
1124 2155 1230 2231 potest.
1272 2152 1347 2214 Ecce

277 2239 391 2319 rapisti
442 2239 478 2300 Et
500 2237 634 2318 lapidem
657 2238 684 2299 ei
708 2237 848 2302 ostendit

372 2333 401 2390 7.
425 2327 477 2389 nit
499 2344 565 2389 rex:
598 2326 716 2391 „Amen
739 2326 811 2389 dico
833 2327 898 2404 tibi,
927 2328 1097 2407 peroptime
1120 2328 1176 2391 ista
1198 2328 1253 2390 tria
1276 2346 1347 2408 pro

221 2431 271 2476 ruo
280 2416 387 2479 basti.t
428 2415 534 2479 Statim
558 2434 629 2478 curn
653 2434 768 2495 magno
792 2416 913 2479 honore
936 2417 1014 2478 inira
1037 2434 1152 2497 paucos
1174 2416 1240 2479 dies
1263 2416 1348 2480 dedit

277 2506 304 2567 ei
328 2505 426 2567 tiliam
450 2522 538 2567 suam
554 2505 586 2567 in
609 2522 748 2567 vxorem.
779 2505 883 2567 Ambo
906 2505 998 2567 simui
1022 2504 1076 2567 diu
1098 2505 1241 2568 vixerunt
1262 2510 1292 2568 et
1315 2506 1345 2568 in

277 2612 351 2674 pace
373 2594 467 2656 vitam
490 2593 646 2656 finierunt

603 2873 655 2940 14.
689 2874 834 2960 lacquee
859 2875 901 2942 do
926 2872 1028 2961 ttitry.

735 2996 778 3049 (ed.
797 2994 888 3047 Crane.)

551 3247 554 3252 ⁴
677 3195 705 3259 1.
753 3225 796 3249 =
819 3198 880 3261 No.
907 3203 935 3260 9.

368 3303 468 3367 Faciat
498 3304 591 3383 igitur
620 3198 760 3383 pretatug,
792 3304 846 3383 qui
875 3304 915 3365 ad
936 3197 1065 3385 ltempus
1092 3305 1273 3368 constitutus
1302 3310 1347 3368 est

146 3439 147 3472 t
278 3411 331 3455 rex
353 3410 448 3473 super
463 3393 548 3473 Syon
572 3397 709 3456 montem
725 3397 863 3455 sanctum
884 3392 951 3471 ejus
966 3393 1055 3455 etiam
1071 3410 1165 3473 super
1180 3394 1346 3473 ecclesiam,

146 3481 147 3484 ’
278 3480 355 3543 iilud
379 3481 466 3561 quod
490 3482 531 3543 de
553 3480 689 3560 quodam
720 3482 856 3561 sapiente
886 3481 1027 3560 legimus.
1073 3481 1137 3555 Qui
1166 3500 1235 3555 cum
1269 3488 1348 3546 esset

279 3588 332 3632 rex
354 3570 537 3633 constitutus
560 3571 592 3632 in
616 3571 732 3633 civitate
755 3571 843 3649 cujus
858 3570 925 3632 talis
949 3574 1012 3633 erat
1034 3571 1226 3634 consuetudo
1250 3572 1346 3652 quod,

250 3673 334 3739 uper
360 3677 477 3721 annum
505 3677 604 3721 unum
634 3664 735 3721 tamen
767 3662 914 3739 regnaret,
945 3664 975 3721 ct
1002 3663 1141 3739 tempore
1171 3661 1258 3740 regni
1289 3662 1346 3739 sui,

279 3748 396 3810 cunctis
424 3747 599 3827 juramento
626 3748 850 3823 obedientibus,
882 3764 1078 3828 quecumque
1109 3748 1198 3812 veliet
1228 3750 1346 3828 iaceret,

146 3865 147 3868 ¹
278 3854 362 3898 anno
384 3840 487 3899 autem
511 3837 662 3916 preterito,
690 3838 721 3899 in
745 3837 870 3899 exitium
894 3837 1069 3913 mitteretur,
1094 3842 1213 3901 utnon
1242 3844 1348 3918 posset

279 3924 379 3987 redire
413 3925 461 3987 vet
492 3925 559 4003 iure
590 3925 773 3988 hereditario
804 3942 935 4004 regnum
967 3925 1133 4005 possidere,
1164 3926 1237 4007 ipse,
1268 3926 1346 3989 dum

279 4017 459 4093 potestatem
498 4014 616 4090 habuit,
654 4032 777 4092 aurum,
816 4018 991 4092 argentum,
1030 4014 1147 4095 lapides
1181 4014 1346 4095 preciosos,

232 4117 258 4163 ro
280 4120 404 4183 pannos
426 4101 541 4165 sericos
563 4106 591 4164 et
618 4103 731 4165 cibaria
759 4104 886 4182 copiosa
913 4120 984 4165 cum
1013 4104 1116 4166 multis
1143 4102 1347 4167 servientibus

279 4191 310 4253 in
335 4189 469 4252 insulam
492 4190 593 4266 maris,
623 4190 662 4252 ad
686 4209 779 4270 quarn
803 4192 834 4253 in
858 4191 983 4254 exilium
1008 4190 1134 4271 predicti
1159 4208 1246 4269 reges
1269 4191 1346 4255 mitti
