3584 4884
850 441 1071 502 ..52-

430 615 503 694 suis,
528 616 702 695 increpabat
724 620 753 677 21
775 616 954 679 verberabat
972 634 1032 680 eas.
1071 616 1110 679 Α1
1124 617 1175 679 1112
1197 618 1415 681 iuraveruntei
1432 636 1499 682 202

431 704 627 767 defraudasse
652 705 758 784 ipsam,
782 705 835 767 scd
860 705 936 785 pica
984 707 1020 768 lit
1041 706 1141 769 sciens
1168 707 1279 769 mulier
1301 707 1443 786 cogitavit
1465 707 1498 769 12

431 794 537 857 animo
560 811 618 856 suo
642 793 759 856 dicens:
784 793 816 857 Si
840 794 937 873 ipsam
962 795 1149 873 interfecero,
1173 795 1229 858 2211
1251 796 1328 858 mihi
1350 796 1497 874 deterius;

377 901 417 947 220
433 886 588 963 presumet
610 882 692 945 enim
725 882 850 945 maritus
877 901 966 946 meus
992 884 1141 963 quoniam
1169 888 1294 965 propter
1321 885 1377 948 bec
1399 886 1499 965 ipsam

432 970 643 1034 interfecerim.
691 970 834 1045 Quadam
858 990 933 1035 vero
956 977 1044 1036 nocte
1072 991 1142 1035 cum
1166 991 1230 1036 non
1259 978 1337 1036 esset
1359 974 1406 1036 vir
1432 974 1500 1037 eius

432 1061 463 1122 in
487 1060 593 1137 domo,
617 1060 699 1123 misit
721 1078 779 1139 pro
802 1078 860 1123 suo
883 1061 1001 1125 amasio
1021 1066 1050 1123 21
1073 1062 1207 1141 precepit
1228 1062 1346 1125 ancillis
1368 1064 1441 1141 suis,
1464 1068 1500 1125 ut

432 1149 659 1213 circumstarent
682 1148 789 1229 picam,
814 1167 934 1229 ponens
950 1150 981 1211 in
1002 1168 1094 1212 manu
1111 1152 1204 1213 unius
1220 1152 1355 1231 ipsarum
1379 1156 1498 1232 tympa-

432 1256 507 1301 num
540 1241 573 1299 ut
606 1237 739 1317 pulsaret
772 1238 811 1299 ad
841 1256 931 1301 aures
961 1239 1043 1320 pice;
1083 1240 1114 1301 in
1145 1258 1239 1302 manu
1270 1258 1344 1303 vero
1376 1241 1500 1303 alterius

377 1344 418 1391 222
434 1344 581 1405 magnum
606 1326 710 1406 posuit
736 1327 894 1406 speculum
920 1331 953 1389 ut
975 1328 1148 1390 ostenderet
1176 1329 1278 1409 ipsum
1302 1330 1435 1417 vicissim
1458 1329 1499 1391 ad

432 1415 540 1479 oculos
556 1415 631 1495 pice.
657 1415 758 1477 Altera
777 1416 940 1495 spergebat
959 1416 999 1478 de
1020 1435 1101 1497 aqua
1120 1418 1252 1497 spongia
1274 1436 1367 1498 super
1389 1418 1499 1498 picam.

431 1506 533 1568 Altera
555 1522 629 1566 vero
654 1504 768 1567 molam
793 1504 935 1567 volvebat
957 1523 1064 1568 versus
1088 1506 1195 1587 picam,
1223 1506 1315 1569 altera
1337 1525 1411 1569 vero
1433 1508 1499 1586 agi-

432 1594 512 1657 tabat
535 1611 657 1655 caveam
682 1593 713 1653 12
738 1611 799 1672 qua
822 1598 885 1655 erat
908 1594 983 1673 pica.
1019 1596 1056 1656 Ε1
1070 1595 1251 1659 facientibus
1265 1596 1310 1658 sic
1325 1600 1386 1659 tota
1401 1600 1499 1673 nocte,
1547 1621 1550 1624 ·

433 1700 496 1746 non
521 1681 620 1763 potuit
642 1682 758 1761 aliquid
783 1682 939 1762 percipere
955 1682 995 1745 de
1017 1683 1102 1746 factis
1117 1684 1271 1747 mulieris.
1310 1686 1403 1747 Mane
1423 1703 1499 1747 vero

379 1791 419 1837 220
435 1790 505 1835 cum
540 1770 657 1833 veniret
690 1771 737 1832 vir
767 1788 854 1849 suus,
890 1771 1087 1851 interrogavit
1120 1773 1220 1853 picam
1255 1774 1295 1835 de
1325 1774 1409 1836 lactis
1443 1791 1500 1835 sue

433 1859 578 1923 mulieris.
629 1859 690 1922 Cui
721 1860 892 1940 respondit:
925 1860 1098 1933 Quomodo
1129 1863 1215 1941 potui
1246 1862 1303 1925 hec
1333 1862 1499 1943 percipere,

433 1967 503 2012 cum
527 1949 583 2011 hac
606 1952 694 2011 nocte
718 1949 761 2011 lui
786 1950 817 2011 in
842 1949 983 2012 maximis
1007 1950 1167 2013 tormentis
1190 1968 1244 2031 pre
1267 1951 1362 2013 nimia
1385 1951 1498 2031 pluvia,

432 2038 575 2101 tonitruis
597 2042 626 2100 et
649 2038 913 2101 comscationibus
935 2042 1064 2101 2112222
1087 2044 1182 2117 motu,
1214 2040 1253 2102 de
1277 2040 1391 2119 quibus
1414 2040 1500 2102 vide-

434 2127 523 2189 batur
546 2126 622 2187 mihi
646 2125 783 2189 mundus
806 2128 928 2207 perire?
975 2128 1011 2189 Ε1
1031 2128 1161 2191 audiens
1184 2129 1241 2191 hec
1263 2130 1317 2207 vir,
1342 2128 1501 2193 estimabat

379 2233 420 2279 200
435 2215 540 2278 omnia
562 2215 655 2277 verba
679 2215 745 2295 pice
769 2234 830 2295 que
852 2216 912 2278 sibi
933 2217 1074 2278 retulerat
1088 2216 1128 2279 de
1151 2236 1248 2280 uxore
1269 2235 1326 2280 sua
1348 2218 1502 2281 mendicia

433 2321 507 2381 esse,
538 2321 609 2365 cum
640 2302 690 2365 illa
721 2304 815 2367 eciam
848 2322 912 2367 non
943 2304 1073 2367 luissent
1101 2324 1181 2383 vera,
1217 2307 1289 2386 quia
1319 2325 1375 2387 per
1403 2310 1499 2369 totam

433 2396 554 2455 noctem
586 2395 747 2471 tempestas
781 2393 944 2473 tranquilla
978 2398 1007 2455 et
1038 2395 1226 2458 conveniens
1256 2401 1326 2458 erat
1385 2396 1421 2457 Ε1
1451 2396 1503 2458 1212

432 2480 585 2560 accipiens
608 2480 707 2560 picam
732 2480 879 2543 interfecit
901 2481 993 2560 illam,
1024 2487 1054 2545 et
1075 2483 1236 2563 suspendit
1258 2502 1325 2547 eam
1349 2484 1381 2546 in
1405 2484 1501 2564 ligno.

837 2679 863 2739 s.
902 2677 955 2757 [=
980 2678 1010 2741 s.
1036 2678 1098 2758 02]

526 2836 678 2899 Dicuntur
701 2836 795 2900 fuisse
818 2838 882 2900 duo
906 2837 1049 2901 homines
1072 2856 1206 2917 quorum
1231 2857 1313 2902 unus
1334 2840 1503 2903 vocabatur

379 2944 419 2990 200
437 2926 597 3005 Deceptor,
626 2924 700 2987 alter
722 2944 796 2989 vero
819 2926 926 2990 Velox
973 2925 1037 3004 Qui
1061 2946 1131 2990 curn
1154 2928 1363 2991 ambulassent
1390 2928 1503 3008 pariter

434 3034 488 3096 per
500 3015 590 3093 viam,
602 3014 787 3077 invenerunt
801 3016 956 3078 sacculum
969 3017 1095 3095 plenum
1107 3021 1235 3095 argento
1240 3037 1247 3093 ;
1260 3016 1372 3079 reversi
1384 3021 1458 3079 sunt
1469 3018 1500 3079 in

434 3104 592 3183 regionem
603 3121 700 3166 suam.
717 3103 862 3177 Quicum
876 3104 1174 3184 appropinquassent
1186 3106 1303 3179 civitati,
1316 3105 1393 3167 dixit
1403 3106 1502 3169 Velox

435 3192 612 3273 Deceptori:
638 3192 686 3254 Da
705 3193 781 3254 mihi
803 3192 993 3256 medietatem
1010 3193 1135 3273 argenti.
1163 3192 1223 3257 Cui
1241 3193 1317 3256 dixit
1334 3194 1501 3274 Deceptor:

435 3282 639 3361 Nequaquam
653 3282 713 3344 hoc
725 3282 878 3361 faciamus,
886 3283 1035 3362 quoniam
1047 3283 1203 3345 societates
1211 3283 1375 3346 elamicitie
1387 3283 1503 3346 debent

379 3386 420 3433 200
435 3385 557 3449 semper
572 3370 650 3433 inter
666 3388 724 3434 nos
740 3389 931 3450 permanere;
954 3371 1009 3433 sed
1025 3371 1154 3451 quilibet
1169 3377 1308 3434 nostrum
1320 3372 1446 3452 accipiet
1460 3372 1502 3435 de

433 3462 561 3536 argento
582 3462 731 3538 quantum
752 3459 779 3522 ei
798 3460 937 3537 sufficiat,
958 3460 1110 3539 reliquum
1131 3478 1205 3523 vero
1224 3460 1452 3523 abscondamus
1468 3461 1500 3523 in

433 3546 538 3625 aliquo
559 3551 625 3610 luto
644 3547 723 3625 loco,
751 3552 779 3610 21
797 3549 925 3627 quando
948 3549 1133 3629 indigemus,
1157 3549 1312 3629 capiemus
1327 3548 1367 3611 dc
1388 3568 1435 3612 eo.
1465 3552 1503 3612 Et

434 3638 544 3714 putans
556 3635 622 3698 eius
634 3636 736 3698 socius
748 3636 845 3699 Velox
857 3636 960 3717 ipsum
977 3638 1063 3717 loqui
1079 3637 1248 3715 bonafide,
1264 3638 1376 3717 placuit
1386 3638 1413 3700 ei
1427 3656 1501 3701 con-

433 3723 550 3801 silium,
571 3728 600 3785 21
611 3724 839 3787 absconderunt
853 3730 1013 3805 argentum
1029 3727 1089 3789 sub
1105 3726 1238 3806 quadam
1255 3744 1366 3805 magna
1380 3728 1500 3804 arbore,

380 3828 421 3875 220
435 3816 465 3874 21
479 3811 620 3875 abierunt
640 3831 697 3893 pro
713 3812 798 3875 factis
813 3814 886 3877 suis.
920 3816 1040 3877 Etcum
1057 3814 1206 3878 redissent
1220 3815 1259 3877 ad
1276 3816 1378 3878 locum
1398 3832 1500 3893 suum,

435 3901 488 3963 ivit
524 3905 594 3981 post
626 3901 709 3964 diem
747 3901 901 3981 Deceptor
937 3903 977 3965 ad
1011 3904 1153 3966 arborem
1188 3909 1218 3966 21
1250 3904 1365 3985 accepit
1401 3908 1499 3967 totum

434 3994 603 4069 argentum.
650 3990 794 4065 Quadam
818 4008 892 4053 vero
916 3991 968 4055 die
995 3992 1153 4071 requisivit
1179 4011 1250 4055 eum
1273 3993 1371 4057 Velox
1394 3992 1501 4057 dicens

435 4079 476 4141 ei:
501 4080 613 4143 Eamus
628 4080 667 4143 ad
684 4080 867 4161 depositum,
891 4080 1040 4159 quoniam
1065 4080 1190 4161 indigeo
1206 4082 1246 4143 de
1261 4100 1329 4143 mea
1352 4081 1501 4161 porcione

436 4168 517 4231 illius
539 4169 665 4248 argenti.
700 4168 759 4232 Cui
785 4168 956 4247 respondit:
982 4168 1131 4230 libenter.
1168 4171 1203 4231 Et
1218 4174 1325 4233 euntes
1339 4170 1378 4232 ad
1395 4170 1499 4233 locum
