3584 4884
558 473 935 532 .-189-

214 660 257 705 nan
273 646 306 705 et
332 643 376 707 sic
397 644 532 707 vetulam
554 644 709 722 excitabat,
739 644 825 725 quod
849 649 920 726 post
947 662 1010 709 non
1034 649 1152 726 poterat
1178 645 1349 726 quiescere;

271 749 341 811 que
370 733 509 813 cogitans
542 733 705 813 quomodo
737 737 844 797 eontra
876 734 939 797 boc
970 733 1141 797 remedium
1171 742 1347 815 apponeret,

269 821 445 902 accipiebat
471 840 544 884 eum
576 826 607 885 et
635 822 838 903 immergebat
860 822 891 885 in
915 840 1004 903 aqua,
1035 826 1065 886 et
1086 823 1130 887 sic
1159 824 1259 904 gallus
1282 842 1347 888 non

269 908 411 973 audebat
440 911 473 973 in
508 911 585 974 hora
618 915 746 988 cantare,
780 911 835 975 sed
869 910 987 975 tardius
1015 911 1074 974 alia
1104 912 1180 975 hora
1210 912 1346 976 mntavn.

272 999 351 1062 ltem
375 1003 405 1062 et
427 998 508 1063 dicta
528 1000 630 1063 vetula
656 1018 728 1064 eum
757 999 914 1078 immersit,
945 1004 974 1063 et
995 999 1041 1064 sic
1062 1000 1200 1064 similiter
1221 1000 1292 1065 fecit
1315 1002 1346 1065 in

213 1102 257 1149 neo
272 1087 347 1151 aliis
377 1088 464 1152 horis
493 1087 653 1168 usquead
678 1089 770 1167 diem,
801 1088 842 1152 ita
867 1088 954 1169 quod
985 1088 1085 1169 gallus
1115 1107 1179 1153 non
1210 1090 1349 1155 cantabat

270 1177 440 1257 usquead
463 1176 557 1241 diem.

654 1307 703 1366 ιτ.
751 1301 970 1383 [=s.1m.1

368 1426 441 1488 ltem
465 1424 569 1488 audivi
588 1426 683 1506 quod,
706 1444 778 1489 cum
801 1424 929 1505 quidam
953 1425 1082 1489 rusticus
1109 1443 1203 1507 super
1224 1427 1345 1491 asinum

270 1514 395 1577 veniret
415 1513 455 1577 ad
479 1514 591 1593 forum,
614 1518 675 1577 tres
698 1514 831 1578 latrones
852 1514 1057 1578 condixerunt
1072 1514 1158 1595 quod
1174 1514 1349 1579 furarentur

271 1602 305 1665 ei
327 1602 450 1666 asinum
457 1624 464 1681 ;
488 1603 554 1667 duo
576 1621 722 1683 quorum,
744 1621 816 1666 cum
831 1608 934 1667 essent
949 1603 980 1665 in
997 1620 1138 1684 pressura
1161 1604 1289 1683 homini,
1314 1606 1345 1669 in

213 1706 256 1753 oro
272 1691 381 1755 verbis
397 1710 469 1755 eum
486 1696 664 1772 posuerunt,
688 1697 725 1770 et
749 1692 845 1755 multa
859 1692 887 1755 ei
904 1696 1120 1773 proponentes,
1145 1692 1184 1755 ita
1198 1697 1345 1757 attentum

271 1798 349 1842 eum
373 1779 582 1859 reddiderunt,
604 1779 691 1861 quod
714 1780 830 1844 dimisit
844 1799 862 1843 a
878 1798 972 1843 manu
996 1780 1159 1861 capistrum
1184 1781 1236 1844 ire.
1271 1782 1347 1846 Duo

270 1874 377 1932 autem
402 1868 685 1949 discingulaverunt
699 1869 830 1947 asinum,
852 1873 884 1933 et
905 1868 1053 1933 rusticum
1077 1869 1108 1933 in
1132 1870 1207 1933 sella
1228 1870 1345 1935 defere-

272 1958 365 2035 bant;
400 1958 511 2022 tercius
533 1958 562 2021 ei
588 1958 720 2035 asinum,
752 1962 782 2021 et
808 1958 955 2022 rusticum
987 1958 1018 2021 in
1049 1958 1123 2021 sella
1152 1958 1330 2025 deferebant
1336 1982 1346 2039 ;

271 2046 388 2110 tercius
421 2047 449 2109 ei
483 2047 605 2110 asinum
639 2047 788 2111 subtraxit
821 2065 876 2127 per
909 2046 1083 2127 capistrum.
1132 2047 1214 2111 Cum
1243 2053 1344 2112 autem

214 2152 257 2198 545
273 2136 372 2215 longe
406 2140 486 2199 esset
517 2135 557 2200 ab
588 2154 637 2214 eo,
675 2135 740 2199 duo
773 2136 829 2216 qui
860 2154 933 2200 eum
969 2136 1131 2217 portabant
1164 2136 1347 2201 dimiserunt

272 2225 424 2289 rusticum
456 2225 488 2287 in
520 2224 651 2289 densum
683 2225 791 2289 lutum.
838 2224 896 2302 Sic,
927 2242 997 2289 cum
1022 2226 1118 2289 homo
1141 2226 1284 2289 convenit
1304 2227 1345 2290 ad

271 2314 430 2377 orandum
458 2318 489 2377 et
515 2313 683 2377 emendum
715 2332 771 2395 per
798 2314 974 2378 oracionem
1006 2313 1088 2377 bona
1118 2314 1286 2395 spiritualia
1316 2320 1347 2379 et

271 2406 386 2480 eterna,
417 2403 623 2483 cogitaciones
645 2402 781 2466 carnales
803 2407 833 2465 et
853 2401 981 2465 sordide
1011 2404 1098 2483 quasi
1129 2408 1250 2484 ponunt
1272 2423 1343 2469 eum

272 2491 307 2555 in
332 2492 435 2555 verbis
457 2510 496 2555 ex
511 2509 573 2554 una
587 2496 672 2572 parte
677 2512 685 2569 ;
709 2490 847 2555 mundus
860 2490 999 2571 suggerit
1014 2495 1148 2555 terrenas
1163 2497 1193 2555 et
1208 2494 1346 2559 curiosas

213 2598 256 2645 ono
273 2585 306 2643 et
328 2598 423 2644 vanas
445 2580 565 2644 exalia
587 2584 683 2661 parte;
714 2598 785 2643 cum
809 2580 869 2643 biis
889 2579 1017 2643 attendit
1038 2580 1148 2658 anima,
1172 2586 1201 2644 et
1223 2582 1346 2647 dimittit

272 2669 320 2732 ire
335 2669 501 2750 capistrum
517 2669 676 2749 regiminis
696 2669 836 2733 racionis.
878 2668 1040 2749 Dyabolus
1055 2686 1109 2733 cor
1124 2669 1202 2749 rapit
1216 2670 1344 2751 fatuum,

272 2763 309 2821 ut
330 2759 453 2822 asinum
476 2758 535 2835 fur,
566 2763 596 2821 et
617 2759 715 2822 homo
738 2758 838 2835 miser,
869 2757 997 2821 dimissa
1026 2758 1179 2836 oracione,
1210 2758 1289 2823 cadit
1312 2760 1343 2823 in

272 2848 334 2910 alia
355 2866 450 2929 parva
471 2846 624 2910 desideria
646 2851 676 2909 et
698 2846 875 2910 immundas
896 2846 1084 2911 affectiones.

649 3013 701 3070 20.
751 3006 805 3086 [=
829 3004 859 3071 s.
886 3006 969 3086 rus]

365 3133 438 3195 ltern
461 3130 603 3195 fabulose
631 3130 742 3194 dicitur
765 3130 860 3211 quod,
890 3149 961 3193 cum
992 3131 1089 3195 bomo
1111 3148 1165 3211 per
1188 3130 1342 3195 desertum

214 3238 259 3284 nno
275 3220 344 3299 iret,
379 3220 496 3283 invenit
528 3224 700 3301 serpentem
724 3219 840 3299 frigore
875 3220 1036 3297 afflictum,
1070 3219 1218 3299 jacentem
1255 3222 1343 3301 quasi

274 3312 448 3386 mortuum;
494 3327 588 3389 quem
626 3326 806 3389 compassus
841 3327 912 3371 cum
952 3308 983 3371 in
1021 3308 1090 3371 sinu
1123 3326 1181 3372 suo
1216 3310 1343 3389 foveret,

273 3396 435 3462 calefactus
457 3396 670 3461 circumvolvit
692 3415 773 3474 eum,
801 3397 965 3479 resumptis
987 3397 1113 3475 viribus
1137 3416 1208 3460 eum
1232 3398 1343 3462 intoxi-

272 3504 356 3551 cans.
401 3486 475 3563 Qui,
499 3504 664 3549 cumeum
689 3490 829 3566 argueret
850 3485 890 3548 de
917 3485 1143 3565 ingratitudine,
1171 3488 1343 3567 respondit:

276 3577 344 3642 „Tu
367 3575 427 3641 scis
450 3575 537 3655 quod
561 3579 667 3637 natura
690 3593 758 3637 mea
788 3579 833 3637 est
863 3574 950 3653 quod
974 3592 1037 3638 non
1062 3592 1161 3640 noceo
1184 3576 1243 3640 nisi
1267 3578 1343 3641 cale·

213 3684 257 3730 ooo
272 3666 379 3743 factus,
414 3669 444 3728 et
477 3669 551 3727 tunc
579 3681 733 3726 venenum
768 3663 930 3726 effundere
960 3680 1099 3728 neccesse
1129 3665 1243 3748 habeo;
1278 3685 1342 3731 non

271 3754 412 3835 inculpes
439 3753 538 3817 mesi
562 3756 700 3815 naturam
732 3769 832 3814 meam
863 3752 930 3829 feci,
960 3751 1014 3815 sed
1047 3752 1101 3816 tibi
1133 3754 1258 3836 imputa,
1288 3756 1342 3836 qui

272 3861 324 3906 me
346 3842 507 3906 calefecisti
530 3846 560 3905 et
581 3840 713 3905 fovisti!

647 3990 698 4044 21.
747 3981 800 4062 [=
824 3979 855 4046 s.
881 3982 967 4063 aon]

364 4109 437 4171 ltem
461 4106 501 4169 de
522 4107 581 4169 alia
603 4105 748 4185 magister
758 4106 892 4186 lacobus
907 4106 984 4170 dixit
998 4108 1094 4187 quod,
1118 4127 1188 4172 cum
1212 4109 1343 4189 litigaret

271 4214 347 4279 sepe
381 4214 451 4260 cum
486 4195 567 4274 viro,
600 4194 731 4258 vocabat
768 4213 839 4258 eum
876 4195 1100 4276 pediculosum.
1156 4197 1207 4261 llle
1238 4202 1340 4266 autem
