3584 4884
858 449 1079 507 ,96-

435 627 521 686 tuum
558 622 740 702 perpetrabo
769 626 797 684 et
825 622 897 684 ideo
921 621 959 684 ad
989 627 1018 685 te
1053 622 1133 700 veni,
1168 624 1202 684 ut
1235 625 1322 684 tuum
1353 621 1501 683 auxilium

436 711 573 787 habeam,
612 710 775 790 quomodo
809 711 919 773 saluari
959 714 1067 790 potero
1102 710 1141 773 de
1176 715 1260 773 tanto
1297 710 1435 790 dampno
1468 728 1504 772 ac

373 819 427 866 nan
436 799 601 880 periculou
651 799 723 874 Que
746 799 798 862 ait:
833 799 1016 878 „Numquid
1044 799 1142 879 placet
1163 799 1218 862 tibi
1246 817 1296 861 me
1320 799 1351 860 in
1375 816 1502 861 vxorem

437 889 590 952 habere?“
638 888 689 951 Ait
716 889 816 951 miles:
851 888 902 952 „0
930 887 1057 951 domina
1086 888 1251 966 karissima,
1283 887 1376 950 michi
1407 887 1504 967 plaoet

436 996 492 1058 per
515 977 629 1041 omnia.
676 978 727 1040 Est
755 977 887 1039 maxima
917 977 1073 1040 humilitas
1100 977 1192 1052 inte,
1224 975 1310 1056 quod
1339 976 1415 1039 velis
1441 981 1502 1038 tam

436 1067 524 1129 basse
555 1065 742 1129 descendere
776 1069 805 1129 et
838 1070 899 1128 tam
932 1083 1098 1146 pauperem
1134 1065 1261 1127 militem
1297 1066 1328 1127 in
1360 1065 1503 1128 maritum

435 1155 598 1235 accipere.u
647 1155 686 1217 nt
709 1154 771 1217 illa:
803 1155 922 1222 llmmo
946 1155 1111 1217 consencio
1134 1154 1166 1216 in
1190 1158 1232 1231 te,
1265 1153 1384 1216 nullum
1407 1153 1503 1216 alium

373 1243 611 1323 naaaccipiam.u
651 1245 687 1306 Et
701 1244 764 1306 ille:
791 1244 876 1308 „Nec
891 1261 951 1322 ego
969 1243 1096 1322 [aliaml,
1121 1242 1269 1322 quamdiu
1286 1247 1318 1304 tu
1335 1243 1366 1305 in
1383 1242 1504 1304 mundo

435 1332 542 1394 viuis.⁴⁴
592 1331 663 1406 Que
693 1332 745 1395 ait:
787 1332 965 1397 „Dominus
999 1350 1094 1409 meus,
1134 1331 1188 1412 qui
1223 1331 1411 1394 moriebatur
1445 1349 1504 1411 pro

435 1438 541 1483 amore
565 1439 644 1498 meo,
676 1422 816 1484 hesterna
839 1421 897 1498 die,
928 1422 1007 1483 sicut
1033 1421 1088 1482 tibi
1111 1425 1236 1497 constat
1267 1425 1330 1483 erat
1356 1420 1503 1499 sepultus

437 1509 496 1588 (Βὶ.
524 1515 560 1572 17
568 1509 628 1588 tr.)
677 1509 765 1571 lllum
789 1510 828 1571 de
851 1509 995 1589 sepulcro
1018 1509 1141 1572 extrahe
1164 1514 1193 1571 et
1222 1509 1254 1570 in
1285 1509 1355 1572 loco
1378 1509 1505 1571 latronis

436 1598 626 1677 suspende!u
680 1598 730 1660 nit
760 1598 863 1660 miles:
902 1598 986 1663 „Fiat
1015 1599 1157 1661 voluntas
1186 1599 1271 1660 tuan
1321 1597 1504 1678 Sepulcrum

374 1707 427 1752 1140
435 1691 643 1767 apperuerunt
658 1691 687 1749 et
702 1687 828 1748 militem
847 1687 1073 1766 [exltraxerunt.
1106 1687 1158 1749 Ait
1173 1687 1272 1749 miles:
1300 1687 1350 1751 „0
1366 1686 1503 1764 domina,

437 1776 566 1838 multum
598 1776 701 1840 timeo.
757 1777 857 1854 Latro,
892 1775 947 1855 qui
978 1780 1040 1838 erat
1074 1780 1192 1855 captus,
1223 1776 1304 1838 duos
1334 1775 1441 1837 dentes
1471 1776 1504 1836 iu

436 1865 587 1945 superiori
619 1869 703 1945 parte
732 1865 839 1942 amisit,
871 1865 944 1945 quia
966 1882 1047 1926 vnus
1077 1865 1108 1926 in
1140 1865 1286 1944 capcione
1315 1881 1372 1927 sua
1402 1863 1505 1943 lapide

436 1971 508 2016 eum
533 1954 689 2033 percussit.
736 1953 767 2017 si
799 1954 854 2016 iste
882 1972 957 2016 vero
984 1954 1015 2014 in
1047 1953 1186 2033 patibulo
1215 1953 1307 2016 tuerit
1334 1971 1505 2032 suspensus
1576 2010 1580 2014 .

437 2046 550 2104 etcum
567 2043 712 2106 dentibus
727 2043 818 2105 tuerit
833 2043 986 2120 inuentus,
1010 2042 1128 2104 dicetur
1143 2041 1229 2122 quod
1253 2042 1303 2103 illc
1329 2041 1416 2121 [non]
1434 2041 1501 2104 sit«

375 2150 428 2196 nn
437 2131 475 2193 nt
499 2131 561 2194 illa:
589 2132 719 2212 „Accipe
743 2131 875 2212 lapidem
897 2135 926 2194 et
942 2150 1012 2193 eum
1037 2131 1068 2192 in
1092 2131 1236 2194 dentibus
1260 2132 1416 2210 percute!a
1454 2130 1505 2192 ait

436 2219 538 2282 miles:
565 2221 673 2286 „Bona
688 2220 824 2297 domina,
848 2238 937 2300 parce
954 2220 1062 2282 michi!
1100 2219 1185 2282 Dum
1201 2224 1265 2282 erat
1278 2219 1378 2291 viuus,
1401 2219 1505 2281 socius

437 2325 524 2370 meus
552 2313 615 2370 erat
641 2313 671 2370 et
697 2309 768 2372 ideo
799 2309 933 2371 dedecus
966 2309 1053 2370 militi
1084 2309 1158 2370 viuo
1186 2313 1264 2371 esset
1295 2307 1381 2387 quod
1413 2308 1503 2370 talem

436 2395 613 2476 despectum
637 2402 761 2460 mortuo
785 2401 995 2477 perpetraretl
1034 2398 1073 2459 nt
1088 2398 1151 2459 illa:
1178 2399 1235 2462 „et
1249 2415 1309 2476 ego
1325 2415 1383 2476 pro
1398 2414 1504 2459 amore

436 2489 490 2547 tuo
514 2485 657 2547 faciam!u
693 2486 838 2566 Lapidem
855 2487 970 2566 accepit
985 2491 1014 2548 et
1028 2505 1099 2548 eum
1124 2486 1155 2548 in
1179 2486 1324 2548 dentibus
1347 2486 1503 2565 percussit,

375 2594 428 2640 noo
437 2591 603 2653 quousque
626 2592 735 2637 omnes
765 2575 872 2637 dentes
899 2575 1074 2655 superiores
1100 2575 1209 2638 amisit.
1256 2575 1327 2637 lloc
1349 2575 1428 2637 tacto
1451 2575 1503 2636 ait:

441 2662 522 2728 llam
547 2681 617 2725 eum
642 2664 673 2724 in
699 2663 837 2744 patibulo
860 2663 1052 2744 suspende!u
1090 2663 1154 2737 Qui
1177 2664 1230 2725 ait:
1257 2663 1388 2728 „Adhuc
1410 2664 1504 2726 timeo

437 2769 508 2814 eum
526 2752 723 2832 suspendere,
747 2753 820 2832 quia
836 2753 920 2830 latro,
945 2753 999 2832 qui
1015 2757 1078 2814 erat
1093 2757 1206 2832 captus,
1230 2752 1344 2814 vulnus
1359 2753 1390 2813 in
1406 2751 1504 2832 capite

438 2841 570 2903 habebat
592 2845 621 2904 et
643 2841 721 2904 duas
743 2859 832 2905 aures
854 2842 964 2904 amisit.
1011 2841 1043 2904 Si
1068 2842 1122 2904 iste
1144 2860 1218 2904 vero
1247 2842 1391 2903 inuentus
1414 2841 1505 2902 fuerit

437 2929 504 2992 sine
526 2930 653 2992 vulnere
677 2935 706 2994 ct
732 2949 802 2993 cum
832 2931 967 3008 auribus
998 2930 1116 2992 dicetur
1138 2930 1224 3009 quod
1254 2930 1304 2992 ille
1327 2947 1391 2992 non
1414 2929 1454 2991 sit
1476 2933 1505 2991 et

375 3039 429 3086 1155
438 3019 482 3082 sic
504 3019 646 3082 contusio
670 3024 845 3100 sequetur.¹¹
878 3020 919 3082 At
933 3020 996 3081 illa:
1024 3019 1173 3084 „Extrahe
1188 3018 1327 3098 gladium
1344 3022 1373 3080 et
1387 3018 1504 3080 fortiter

437 3126 508 3170 eum
526 3108 556 3170 in
573 3109 670 3190 capite
693 3113 815 3189 percute
831 3113 860 3172 et
879 3126 969 3170 aures
984 3108 1050 3170 eius
1065 3108 1223 3170 abscidelu
1250 3108 1315 3180 Qui
1332 3106 1503 3186 respondit:

440 3197 491 3262 »Ο
514 3197 598 3260 bona
620 3198 755 3276 domina,
787 3216 857 3260 eum
887 3199 918 3258 in
947 3197 1007 3259 vita
1029 3215 1085 3259 sua
1116 3197 1245 3259 multum
1270 3196 1371 3258 dilexi.
1416 3195 1505 3258 Absit

437 3290 471 3348 ut
494 3287 582 3349 miles
597 3287 689 3350 viuus
705 3305 776 3349 eum
801 3291 957 3349 mortuum
974 3286 1181 3348 vulneraret!¹‘
1218 3285 1290 3358 Que
1305 3285 1358 3347 ait:
1385 3283 1504 3349 „Trade

438 3375 530 3436 michi
554 3375 701 3454 gladium,
732 3381 761 3437 et
790 3394 850 3454 ego
882 3375 989 3437 laciam
1021 3392 1079 3454 pro
1109 3378 1163 3437 tuo
1192 3376 1332 3436 amorel⁴⁴
1380 3373 1505 3453 Accepit

377 3482 429 3527 uso
438 3463 585 3542 gladium,
616 3483 687 3526 eum
712 3465 743 3525 in
767 3465 864 3544 capite
887 3464 1036 3543 percussit
1058 3467 1087 3526 et
1110 3463 1230 3543 plagam
1254 3480 1397 3541 magnam
1421 3462 1502 3539 iecit;

438 3552 551 3614 deinde
581 3571 670 3616 aures
698 3553 764 3615 eius
791 3553 929 3616 abscidit
976 3551 1047 3615 l·loc
1070 3552 1148 3614 iacto
1171 3553 1224 3614 ait:
1258 3553 1340 3616 „lam
1363 3551 1505 3613 audacter

397 3653 398 3657 ’
439 3657 508 3701 eum
542 3640 573 3702 in
605 3642 743 3720 patibulo
773 3642 964 3721 suspendetu
1013 3640 1077 3714 Qui
1100 3641 1153 3702 ait:
1187 3641 1238 3705 »Ο
1262 3641 1346 3703 bona
1368 3639 1504 3715 domina,

437 3727 540 3790 adhuc
573 3729 675 3792 timeo.
723 3731 819 3807 Latro,
859 3730 913 3809 qui
949 3734 1012 3792 erat
1045 3734 1158 3809 captus,
1197 3730 1323 3791 duobus
1359 3728 1505 3790 testiculis

439 3817 565 3879 carebat.
601 3818 632 3880 Si
656 3836 730 3881 vero
754 3819 809 3880 istc
832 3837 903 3880 cum
926 3819 1072 3881 testiculis
1095 3818 1239 3880 inuentus
1260 3818 1352 3879 tuerit
1375 3817 1406 3877 in
1431 3817 1505 3896 pati-

377 3923 430 3970 uua
440 3906 524 3983 bulo,
552 3907 670 3969 dicetur
692 3906 778 3987 quod
803 3907 853 3969 ille
881 3925 945 3970 non
969 3907 1008 3970 sit
1030 3911 1059 3968 et
1081 3912 1226 3986 sequetur
1248 3905 1419 3969 contusio.u
1468 3905 1507 3966 At

439 3995 501 4058 illa:
529 3996 623 4060 „Tam
647 3995 789 4058 timidum
807 3995 966 4059 hominem
983 4013 1142 4074 nunquam
1159 3995 1237 4071 vidi,
1260 3999 1360 4056 tamen
1385 3993 1504 4055 bonum

439 4089 484 4147 est
506 4089 534 4148 te
557 4103 623 4148 esse
646 4103 798 4148 securum.
833 4084 963 4147 Succide
978 4084 1132 4146 testiculos
1148 4084 1214 4145 eius
1230 4084 1297 4157 cito,
1322 4086 1355 4143 ut
1377 4099 1505 4161 suspen-

439 4174 562 4238 datur!u
610 4175 650 4236 At
680 4174 743 4236 ille:
776 4173 827 4239 „0
858 4174 941 4235 bona
971 4172 1111 4248 domina,
1143 4189 1249 4250 parcas
1280 4171 1388 4232 michi!
1436 4170 1505 4232 Tibi
