3584 4884
696 460 941 517 —201—

230 649 272 695 rso
287 630 344 695 ibi:
381 631 485 695 Nolite
514 631 647 711 cogitare
679 630 719 694 de
749 631 903 695 crastino?
942 630 1047 705 Quare
1078 649 1153 711 ergo
1183 631 1352 712 deposuisti
1406 643 1412 652 “

286 721 459 801 caponem?
484 719 665 800 Respondit:
689 719 773 794 Quia
788 720 930 784 volebam
947 720 1103 801 deponere
1114 720 1351 784 sollicitudinem

286 813 316 872 et
338 808 481 873 nolebam
505 809 646 889 cogitare.
1234 856 1236 861 .

375 897 459 961 idem
501 897 675 962 febricitans
713 897 832 961 sitiebat
865 897 982 975 vinum,
1024 897 1097 978 quia
1136 898 1260 961 nolebat
1293 898 1352 961 sibi

287 986 457 1050 ministrare
487 986 634 1067 physicus
662 986 729 1049 sine
758 1004 846 1066 aqua.
907 985 996 1049 Tunc
1024 987 1076 1049 ait:
1113 986 1224 1051 Saltem
1255 986 1353 1049 velitis

142 1167 143 1172 γ
232 1092 273 1139 155
288 1076 375 1155 quod
398 1075 500 1156 primo
523 1075 628 1139 bibam
651 1075 768 1152 vinum,
792 1080 863 1155 post
876 1093 1000 1155 aquam.
1035 1076 1071 1138 Et
1085 1076 1242 1139 concessit
1277 1075 1353 1149 Quo

288 1165 405 1242 hausto,
429 1164 529 1228 noluit
549 1182 661 1245 aquam
686 1163 801 1243 bibere,
824 1164 943 1227 dicens:
965 1162 1041 1227 Non
1065 1164 1143 1227 sitio.

376 1252 469 1331 idem,
504 1271 608 1317 coram
640 1252 750 1316 abbate
779 1251 916 1332 quodam
940 1251 980 1316 de
1003 1252 1118 1333 frigore
1141 1252 1256 1335 pedum
1280 1270 1354 1316 con-

287 1359 427 1422 querens,
458 1340 576 1405 audivit
602 1342 641 1405 ab
664 1342 774 1405 abbate
796 1341 883 1422 quod
907 1341 980 1404 tales
1004 1341 1119 1405 iiebant
1140 1342 1221 1405 socci
1245 1342 1277 1404 in
1299 1342 1353 1404 ab·

287 1431 374 1509 batia,
397 1448 478 1511 quos
501 1430 554 1511 qui
578 1430 718 1507 habebat,
742 1448 806 1493 non
822 1430 921 1510 frigus
936 1430 1075 1493 habebat.
1122 1430 1253 1511 Rogavit
1267 1430 1353 1511 quod

232 1537 273 1582 reo
289 1519 417 1582 mitteret
444 1519 487 1596 ei;
521 1524 551 1583 et
579 1519 661 1582 misit
683 1520 711 1581 ei
734 1523 866 1582 stramen
889 1519 995 1582 album
1020 1520 1098 1583 bene
1121 1520 1271 1586 fricatum.
1319 1520 1355 1581 Et

287 1607 434 1689 deinceps
457 1607 570 1671 habere
593 1608 692 1671 noluit
712 1608 787 1671 tales
809 1625 925 1671 soccos.

671 1757 697 1817 7.
745 1751 963 1832 [=S.124.]

377 1877 460 1940 idem
494 1878 609 1957 [comes
631 1876 852 1957 Theobaldusl,
887 1876 1005 1940 habens
1035 1894 1136 1940 coram
1169 1894 1202 1941 se
1225 1876 1351 1939 militem

287 1966 509 2046 supplicantem
540 1984 612 2029 eum
645 1965 700 2046 [ut]
729 1966 848 2045 juvaret
878 1966 918 2029 ad
942 1965 1146 2029 maritandum
1171 1966 1257 2029 tilias-
1273 1982 1354 2044 suas,

287 2073 358 2118 cum
382 2054 488 2119 decem
512 2055 644 2131 haberet,
667 2056 805 2134 cogitans
827 2054 926 2119 tacuit
972 2053 1069 2129 Quod
1093 2054 1202 2118 videns
1224 2053 1352 2135 quidam

142 2183 143 2190 1
235 2158 274 2203 1oa
287 2144 384 2207 bomo
406 2161 483 2207 suus
505 2143 682 2226 ditissimus,
706 2160 813 2207 servus
833 2143 950 2223 proprii
967 2143 1080 2223 capitis,
1104 2160 1175 2206 eum
1191 2144 1354 2220 excusavit,

288 2232 394 2297 dicens
417 2233 504 2313 quod
527 2251 592 2296 non
617 2233 749 2296 habebat
770 2232 862 2295 unde.
916 2232 1007 2295 Miles
1028 2236 1130 2295 autem
1155 2236 1189 2294 ut
1211 2231 1356 2311 indigens

288 2320 484 2385 devotissime
517 2321 717 2402 supplicabat
781 2321 888 2385 Homo
919 2325 1020 2384 autern
1050 2320 1101 2383 ille
1132 2321 1219 2401 quod
1250 2338 1355 2384 comes

289 2428 353 2473 non
375 2410 507 2473 habebat
528 2410 864 2490 ferociterreplicabat
910 2409 998 2473 Tunc
1020 2427 1126 2473 comes
1142 2410 1242 2473 militi:
1267 2410 1355 2473 Men-

288 2499 368 2578 titur,
391 2499 464 2579 quia
487 2499 552 2579 ipse
575 2499 676 2579 ipsum
701 2499 801 2563 habeo
824 2498 863 2561 ad
887 2497 1035 2577 dandum,
1059 2499 1112 2578 qui
1136 2517 1244 2563 servus
1267 2516 1356 2562 meus

142 2599 143 2608 ¹
236 2592 346 2664 rroest;
381 2592 411 2650 et
446 2588 548 2668 ipsum
583 2588 637 2651 tibi
672 2587 723 2651 do.
786 2587 914 2656 Redime
946 2588 1025 2651 bene
1054 2606 1135 2665 eum,
1170 2588 1243 2667 quia
1277 2588 1356 2651 bene

142 4301 146 4380 l

289 2676 417 2740 habebis
431 2677 538 2739 decem
552 2676 635 2739 milia
647 2676 795 2741 librarum
812 2676 851 2738 ad
866 2682 934 2739 tuas
949 2676 1054 2740 decem
1068 2676 1147 2740 iilias
1163 2676 1355 2739 maritandas.

290 2765 380 2828 Miles
401 2766 500 2828 statim
524 2784 595 2828 eum
615 2766 702 2845 cepit,
726 2769 756 2827 et
774 2764 853 2827 iilias
873 2765 1049 2829 maritavit.¹‘

675 2911 705 2970 a.
754 2906 808 2985 [=
832 2904 862 2969 s.
889 2904 972 2985 isc]

378 3030 495 3094 Comes
528 3029 746 3094 Theobaldus*
769 3034 935 3093 consuetus
976 3032 1039 3091 erat
1080 3047 1202 3109 semper
1236 3028 1357 3093 visitare

291 3137 388 3183 unum
432 3120 589 3199 leprosum
628 3118 872 3199 quotiescunque
910 3117 1082 3181 declinabat
1118 3118 1157 3180 ad
1196 3118 1355 3199 quoddam

236 3230 276 3276 ns
291 3226 383 3272 suum
407 3208 586 3287 manerium,
609 3211 639 3270 et
654 3207 845 3271 confortabat
860 3225 941 3270 eum.
987 3205 1131 3281 Quadam
1147 3206 1206 3284 die,
1230 3208 1358 3271 veniens

292 3316 347 3378 per
375 3298 487 3375 locum,
522 3297 638 3359 intrans
671 3298 810 3375 domurn,
845 3295 977 3359 occurrit
1004 3296 1153 3375 leprosus,
1181 3296 1358 3359 dulcissime

290 3386 452 3466 alloquens
485 3404 567 3448 eum.
627 3386 663 3448 Et
697 3386 809 3463 exiens,
843 3404 861 3447 a
896 3384 1014 3465 populo
1037 3385 1220 3447 acclamante
1242 3384 1359 3447 audivit

290 3476 392 3555 ipsum
423 3492 523 3555 nuper
550 3479 705 3538 mortuum
737 3479 766 3537 et
795 3474 963 3553 sepultum;
1001 3479 1030 3537 et
1052 3474 1097 3537 sic
1119 3473 1266 3553 cognovit
1288 3473 1358 3537 loco

291 3564 389 3645 ipsius
411 3563 565 3627 invenisse
581 3562 748 3627 Christum.
795 3564 832 3625 Et
854 3562 925 3625 ideo
948 3562 987 3625 ad
1010 3562 1196 3625 visitandum
1218 3562 1358 3642 leprosos

237 3674 277 3719 un
292 3658 322 3716 et
343 3670 493 3734 pauperes
515 3652 656 3716 devotior
679 3656 724 3715 est
745 3651 880 3715 eftectus.

678 3800 706 3857 9.
755 3793 808 3873 [ε
833 3793 862 3857 s.
887 3792 973 3873 aas]

380 3920 517 3994 Quidam
555 3919 713 3997 hereticus,
758 3916 868 3981 videns
899 3917 1079 3997 episcopum
1122 3916 1357 3980 christianorum

293 4008 439 4071 miracula
460 4008 628 4087 facientem,
652 4024 741 4071 cecos
763 4006 995 4084 illuminantem,
1019 4009 1048 4068 et
1067 4005 1177 4068 dolens
1192 4004 1278 4085 quod
1295 4022 1359 4068 non

292 4097 449 4161 dicebatur
479 4096 564 4177 quod
595 4097 759 4177 episcopus
782 4095 985 4158 hereticorum
1009 4094 1127 4171 iaceret,
1152 4094 1191 4156 ita
1214 4094 1361 4157 miracula

292 4186 371 4249 sicut
401 4186 487 4266 alius,
522 4186 611 4248 tinxit
639 4202 746 4248 cecum
781 4203 836 4265 per
866 4183 997 4246 multum
1025 4187 1154 4263 tempus,
1186 4182 1361 4245 discurrens
