3584 4884
841 479 1082 535 —132—

775 648 850 730 Cap.
878 655 939 713 136
965 647 1025 733 (Βὶ.
1054 651 1145 729 Sta).

803 769 846 825 De
864 769 953 826 tribus
970 769 1120 826 serenibus.

519 899 649 978 Legitur,
682 897 768 978 quod
793 899 829 960 111
854 915 979 978 syrenes
1007 898 1038 961 in
1067 899 1167 961 insula
1195 899 1286 962 maris
1316 899 1445 962 fuissent
1469 904 1500 962 et

373 1006 414 1053 ors
429 987 643 1052 suauissimam
656 987 835 1050 cantilenam
849 987 981 1050 diuersis
992 987 1095 1050 modis
1106 988 1292 1065 cecinissent,
1304 1006 1364 1050 vna
1379 989 1498 1069 quippe

428 1095 512 1154 voce,
544 1076 636 1139 altera
659 1076 749 1157 tybia,
782 1077 839 1138 1111
861 1076 926 1156 lyra
949 1077 1084 1140 canebat.
1132 1077 1198 1140 Hec
1228 1077 1382 1139 habebant
1404 1077 1497 1140 facies

428 1165 601 1244 mulierum,
625 1165 687 1228 alas
711 1169 740 1227 et
762 1183 881 1245 vngues
897 1165 1069 1228 volucrum.
1101 1165 1222 1228 Omnes
1246 1184 1341 1228 naues
1365 1170 1493 1246 pretere-

428 1259 516 1318 untes
539 1253 686 1318 suauitate
716 1257 822 1317 cantus
852 1254 1010 1331 sistebant;
1042 1258 1147 1316 nautas
1170 1272 1305 1335 sompno
1329 1273 1497 1334 oppressos

429 1343 605 1421 lacerabant,
638 1360 733 1406 naues
764 1343 794 1405 in
825 1343 891 1406 salo
922 1343 1144 1422 inmergebant.
1192 1343 1336 1423 Cumque
1367 1344 1495 1423 quidam

374 1451 415 1496 om
430 1432 493 1496 dux
517 1431 620 1496 Vlixes
644 1431 835 1494 neccessitate
859 1432 985 1494 haberet
1008 1432 1051 1494 ibi
1075 1432 1329 1512 preternauigare,
1354 1433 1440 1494 iussit
1462 1451 1497 1495 se

428 1521 467 1584 ad
499 1521 613 1584 malum
646 1520 733 1583 nauis
768 1520 863 1600 ligare
893 1525 922 1583 et
951 1538 1041 1584 aures
1075 1521 1141 1583 eius
1176 1521 1339 1584 obdurare.
1387 1522 1422 1583 lit
1451 1522 1497 1584 sic

428 1610 598 1691 periculum
620 1609 723 1673 illesus
746 1609 842 1672 euasit
864 1613 893 1671 et
915 1627 966 1672 eas
989 1609 1135 1673 fluctibus
1158 1609 1333 1674 submersit.

770 1804 846 1885 Cap.
874 1809 933 1867 131
962 1805 1023 1883 (Bt.
1050 1805 1145 1884 stu).

780 1924 832 1996 [De
851 1924 995 1996 triumpho
1014 1924 1142 1996 victoris]

518 2054 721 2118 Consuetudo
759 2058 823 2117 erat
859 2053 943 2133 apud
983 2053 1157 2128 Romanos,
1203 2053 1289 2134 quod
1328 2054 1496 2118 victoribus

429 2143 604 2224 triumphus
638 2144 699 2205 hoc
736 2143 833 2206 modo
863 2143 1081 2222 exhybebatur.
1128 2142 1295 2222 Postquam
1330 2143 1496 2223 imperator

374 2245 414 2291 sas
429 2233 562 2312 aliquam
586 2237 707 2311 gentem
732 2250 861 2295 romano
886 2232 1017 2312 imperio
1039 2232 1133 2294 armis
1148 2232 1342 2311 subiugasset
1356 2236 1386 2294 et
1399 2232 1497 2295 victor

429 2339 498 2384 cum
530 2320 625 2400 preda
653 2325 822 2396 remeasset,
853 2325 977 2382 senatus
1006 2339 1042 2383 ac
1070 2324 1152 2383 totus
1182 2320 1318 2401 populns
1349 2339 1496 2384 romanus

428 2410 455 2471 ei
484 2408 611 2471 festinus
642 2409 789 2488 processit
820 2409 945 2471 obuiam
977 2413 1007 2472 et
1036 2427 1107 2471 eum
1138 2409 1261 2474 canticis
1292 2413 1322 2471 et
1351 2409 1496 2473 laudibus

428 2498 573 2560 victorem
610 2497 731 2576 recepit.
785 2497 890 2560 Victor
925 2515 1060 2578 purpura
1096 2498 1242 2576 induitur,
1277 2497 1428 2578 dyadema
1458 2517 1496 2561 ex

429 2587 515 2648 lauro
546 2603 685 2664 auroque
719 2589 857 2648 contexta
889 2587 917 2648 ei
953 2587 1131 2667 imponitur,
1167 2587 1198 2649 in
1234 2605 1325 2649 curru
1360 2605 1437 2650 auro
1467 2592 1497 2650 et

374 2694 414 2739 sao
429 2675 560 2755 gemmis
584 2674 718 2737 radiante
742 2675 782 2738 lV
804 2675 882 2737 albis
905 2676 994 2754 equis
1023 2676 1212 2739 trahentibus
1237 2676 1304 2739 urbi
1329 2676 1494 2739 inuehitur.

430 2765 528 2827 Porro
559 2763 679 2827 nobiles
714 2763 882 2844 precedunt
911 2782 1035 2826 currum
1071 2765 1194 2827 victoris
1227 2766 1328 2828 aureis
1360 2765 1496 2828 cathenis

428 2853 528 2931 vincti,
563 2853 675 2932 vulgus
706 2871 780 2916 vero
810 2853 963 2933 captivum
996 2853 1105 2916 iunctis
1136 2854 1281 2916 manibus
1310 2855 1496 2934 sequebatur

428 2961 565 3020 currum,
590 2961 705 3022 pompa
729 2941 822 3022 prede
845 2941 937 3005 simul
954 2942 995 3004 ob
1020 2943 1141 3021 insigne
1156 2943 1348 3023 triumphum
1365 2942 1495 3021 ducitur,

428 3036 457 3095 et
478 3033 522 3095 sic
544 3032 640 3094 victor
662 3049 733 3094 cum
762 3049 876 3110 magno
899 3030 1035 3110 tripudio
1058 3049 1182 3094 summo
1206 3031 1321 3112 templo
1344 3032 1496 3095 laureatus

375 3137 415 3185 su
431 3121 593 3198 inducitur,
617 3125 646 3183 et
667 3125 739 3183 tunc
763 3119 857 3200 preda
880 3120 999 3200 populo
1023 3120 1179 3184 diuiditur.

776 3331 853 3413 Cap.¹
879 3341 941 3395 144
966 3331 1026 3412 (Bt.
1053 3334 1146 3412 Sin).

670 3453 723 3524 [De
741 3453 828 3508 milite
845 3453 952 3510 saluato
971 3469 1021 3525 per
1038 3457 1092 3509 tres
1110 3453 1252 3525 veritates]

519 3581 705 3660 Benegarius
728 3581 874 3662 regnauit,
907 3582 960 3661 qui
989 3583 1090 3645 statuit
1119 3601 1176 3663 pro
1204 3582 1279 3662 lege,
1312 3581 1397 3662 quod
1427 3583 1495 3662 qui·

429 3687 562 3748 cumque
586 3670 760 3732 malefactor
782 3675 860 3733 esset
882 3675 988 3751 captus
1011 3675 1040 3734 et
1062 3690 1165 3734 coram
1195 3671 1296 3734 iudice
1318 3671 1436 3749 ductus,
1468 3672 1495 3734 si

430 3760 466 3821 111
495 3757 633 3820 veritates
663 3763 767 3838 posset
797 3759 897 3821 dicere
930 3764 990 3821 tam
1022 3778 1116 3837 veras,
1148 3765 1254 3823 contra
1284 3778 1361 3840 quas
1391 3759 1496 3823 nullus

430 3851 532 3928 posset
555 3847 684 3924 obicere,
712 3847 788 3926 quin
812 3866 883 3910 vere
906 3852 1007 3911 essent
1029 3849 1096 3912 sine
1119 3850 1205 3912 omni
1229 3849 1346 3912 fallacia
1368 3853 1495 3928 quanta-

374 3954 571 4016 uocumque,
605 3935 779 3998 malefactor
805 3936 897 3999 vitam
928 3954 1015 3999 suam
1046 3938 1197 4018 optineret
1225 3956 1296 4001 cum
1324 3942 1386 4001 tota
1409 3938 1495 4000 bere-

429 4026 527 4090 ditate.
582 4024 706 4103 Accidit,
741 4024 827 4104 quod
862 4025 988 4104 quidam
1025 4026 1113 4088 miles
1143 4032 1249 4089 contra
1279 4028 1493 4106 imperatorem

429 4114 558 4178 surrexit
581 4119 609 4176 et
631 4114 669 4176 ad
694 4114 848 4192 quandam
879 4115 1023 4176 forestam
1047 4132 1080 4176 se
1104 4116 1214 4193 posuit,
1246 4116 1276 4177 in
1308 4134 1370 4195 qua
1400 4116 1495 4178 multa

430 4203 508 4264 mala
538 4202 697 4278 commisit,
737 4202 809 4280 quia
846 4219 956 4263 omnes
994 4201 1138 4263 intrantes
1176 4206 1228 4263 aut
1265 4207 1410 4266 exeuntes
1443 4208 1497 4266 aut
