3584 4884
701 423 946 485 -185-

229 602 391 661 mantem
415 598 519 662 hostes
536 596 695 675 redissent,
717 602 875 680 resumpto
899 598 1008 677 majori
1031 598 1172 677 exercitu,
1196 596 1358 676 Robertus,

284 686 468 752 admonitus
489 687 529 750 ab
552 704 590 751 eo
613 687 734 767 angelo,
755 687 826 750 iecit
840 691 875 750 ut
888 687 983 769 prius,
1007 705 1111 767 regem
1134 692 1164 751 et
1184 688 1252 767 ejus
1273 705 1358 751 exer-

284 776 384 839 citum
408 776 550 854 liberans,
573 780 602 838 et
624 793 734 841 omnes
757 776 861 840 hostes
883 776 1046 857 superavit.
1081 776 1163 839 Cum
1179 780 1281 839 autem
1298 776 1358 840 hoc

284 864 408 928 videret
430 883 491 941 rex,
514 864 650 946 precepit
671 864 821 928 militibus
842 865 908 929 suis
923 869 957 927 ut
971 882 1043 927 eum
1059 870 1208 946 caperent,
1232 864 1360 929 sialiter

285 971 356 1017 non
379 957 507 1035 possent
528 971 600 1017 eum
623 952 759 1017 adeum
785 953 948 1032 adducere,
978 958 1012 1017 ut
1034 972 1105 1019 eum
1129 952 1309 1017 sublimaret
1330 958 1360 1017 et

228 1061 272 1107 auo
287 1042 467 1107 honoraret.
507 1044 598 1107 Unus
612 1046 713 1106 autem
737 1043 878 1121 militum,
901 1060 972 1106 cum
995 1042 1086 1107 vellet
1108 1047 1138 1106 et
1160 1060 1224 1106 non
1248 1042 1360 1107 valeret

285 1150 364 1195 eum
387 1150 504 1213 capere,
537 1132 673 1196 lanceam
700 1132 803 1211 figens
825 1132 857 1195 in
884 1149 956 1195 crus
978 1132 1053 1210 ejus,
1084 1149 1157 1199 eum
1180 1132 1359 1208 vulneravit,

284 1226 319 1283 et
346 1220 379 1283 in
410 1221 538 1284 vulnere
568 1220 683 1284 terrum
715 1221 819 1284 lancee
850 1221 1003 1285 remansit
1050 1221 1117 1301 lpse
1145 1225 1246 1284 autem
1276 1221 1361 1300 juxta

284 1309 409 1373 iontem
440 1308 611 1390 predictum
641 1327 726 1373 arma
747 1310 899 1390 deposuit,
929 1310 1045 1373 ferrum
1074 1310 1212 1388 removit,
1242 1310 1359 1391 abjecit,

286 1403 321 1467 ,et
344 1402 480 1461 mustum
511 1416 606 1479 supra
632 1399 747 1462 vulnus
769 1399 888 1480 posuit;
918 1398 1005 1479 quod
1036 1398 1154 1476 videns,
1185 1398 1249 1461 iilia
1279 1398 1361 1479 regis
1412 1438 1418 1448 ·

229 1504 273 1551 aab
288 1488 429 1551 cucurrit
449 1491 479 1551 et
508 1487 623 1551 terrum
652 1488 760 1568 rapuit
805 1487 888 1552 Curn
918 1492 1019 1551 autem
1050 1506 1103 1550 rex
1132 1486 1246 1551 diceret
1273 1487 1359 1568 quod

286 1577 316 1639 si
342 1575 394 1639 ille
416 1576 512 1654 miles,
535 1577 590 1656 qui
613 1576 733 1653 vicerat,
755 1577 881 1654 veniret,
907 1577 1003 1640 tiliam
1027 1594 1114 1640 suam
1139 1576 1170 1639 in
1194 1576 1360 1657 coniugem

287 1664 320 1727 ei
344 1664 438 1743 daret,
460 1669 490 1729 et
512 1664 658 1729 heredem
674 1666 761 1746 regni
777 1666 826 1729 sui
849 1684 920 1730 eum
945 1666 1062 1743 laceret,
1086 1665 1270 1729 senescallus
1285 1682 1362 1729 suus

287 1771 365 1817 crus
379 1771 472 1819 suum
487 1754 658 1818 vulneravit
679 1758 709 1818 et
730 1755 846 1818 terrum
870 1754 1031 1835 cujusdam
1056 1755 1158 1818 lancee
1180 1754 1360 1835 apportavit,

287 1843 334 1905 de
363 1861 429 1923 quo
462 1843 559 1921 miles,
593 1843 662 1908 licet
692 1844 753 1907 hoc
781 1844 861 1908 bene
893 1844 1071 1921 adverteret,
1106 1843 1159 1923 qui
1193 1843 1361 1913 Robertum

230 1949 274 1995 aso
289 1932 517 2009 vulneraverat,
548 1950 613 1996 non
644 1932 778 1997 audebat
806 1933 908 1997 dicere
940 1950 1004 1997 non
1035 1950 1102 1996 esse
1131 1949 1233 1996 suum.
1279 1930 1361 1994 Cum

288 2025 395 2085 autem
419 2020 544 2086 deberet
565 2022 593 2085 ei
616 2022 719 2102 puella
737 2022 927 2102 desponsari,
951 2026 981 2085 et
1003 2021 1069 2103 ipsa
1092 2021 1189 2101 signis
1212 2025 1361 2101 quantum

280 2114 413 2191 poterat
434 2110 610 2173 reclamaret
631 2115 661 2173 et
682 2111 799 2174 fatuum
823 2110 991 2185 ostendens
1005 2110 1206 2175 senescallum
1222 2110 1362 2185 abiceret,

289 2204 324 2262 et
351 2217 420 2262 eam
450 2203 536 2279 pater
563 2199 736 2263 verberaret
764 2203 795 2263 et
824 2204 956 2280 urgeret,
989 2199 1109 2280 aperuit
1140 2198 1296 2261 Dominus
1327 2214 1364 2261 os

289 2288 369 2367 ejus,
392 2291 422 2351 et
443 2288 520 2368 patri
543 2288 645 2351 retulit
666 2306 728 2369 que
750 2288 874 2365 viderat,
897 2292 928 2352 et
941 2288 1057 2351 terrum
1074 2286 1252 2369 apportavit,
1276 2286 1363 2367 quod

233 2394 278 2441 aas
294 2377 387 2441 miles
420 2377 601 2457 recognovit
633 2381 663 2441 et
697 2377 729 2439 in
759 2377 845 2441 hasta
873 2394 930 2441 sua
959 2377 1071 2458 posuit.
1119 2376 1232 2439 Divina
1261 2380 1363 2439 autem

292 2466 487 2530 revelacione
531 2465 656 2529 advenit
696 2466 843 2530 heremita
885 2466 940 2547 qui
980 2466 1115 2536 Roberto
1161 2464 1363 2546 penitenciam

292 2554 476 2634 iniunxerat,
499 2555 672 2636 precipiens
687 2560 722 2618 ut
743 2555 888 2636 loquatur
910 2559 939 2619 et
954 2556 1108 2618 veritatem
1132 2553 1253 2634 pandat,
1277 2553 1364 2634 quod

292 2644 348 2707 vix
369 2643 448 2708 iecit
486 2643 568 2708 Cum
591 2649 693 2707 autem
709 2663 762 2707 rex
781 2645 871 2708 vellet
893 2644 921 2708 ei
943 2644 1039 2707 liliam
1063 2660 1150 2707 suam
1175 2642 1364 2723 unigenitam

294 2732 372 2796 dare
394 2738 424 2797 et
450 2751 581 2814 regnum
615 2751 708 2797 suum
739 2734 895 2813 resignare
924 2737 954 2797 et
984 2732 1060 2795 illud
1088 2732 1116 2795 ei
1146 2731 1306 2809 dimittere,
1336 2735 1366 2793 et

236 2839 280 2886 coo
296 2822 443 2886 homines
471 2822 566 2903 patris
594 2823 652 2901 sui,
683 2823 744 2887 hoc
764 2823 932 2899 audientes,
963 2839 1035 2884 eum
1066 2824 1237 2901 repeterent
1265 2824 1299 2883 ut
1321 2820 1366 2883 eis

294 2911 516 2990 dominaretur,
543 2911 644 2975 noluit
666 2930 721 2976 eos
743 2911 901 2988 exaudire;
931 2910 985 2974 sed
1010 2928 1080 2973 curn
1104 2909 1187 2973 dicto
1211 2908 1365 2986 heremita,

296 3001 409 3065 relictis
430 3001 586 3078 omnibus,
614 3000 668 3064 ivit
689 3004 720 3065 et
741 3000 948 3064 heremiticam
972 2999 1059 3063 duxit
1081 2998 1183 3061 vitam.

680 3152 730 3206 14.
778 3142 997 3223 1=s.14a1

390 3268 483 3333 Unde
504 3268 608 3331 audivi
631 3287 650 3332 a
672 3268 817 3332 iratribus
832 3266 927 3348 quod,
951 3284 1022 3330 cum
1039 3264 1165 3346 quidam
1186 3262 1312 3327 heretici
1334 3262 1365 3325 in

300 3361 380 3420 terra
401 3356 616 3437 Albigensium
647 3357 791 3437 lactarent
817 3374 851 3421 se
880 3373 984 3420 coram
1013 3355 1078 3419 suis
1108 3352 1305 3417 credentibus
1328 3350 1368 3414 de

239 3461 286 3509 eoo
300 3446 442 3510 exteriori
464 3445 646 3525 affliccione,
669 3447 757 3511 alluit
771 3445 898 3527 quidam
921 3444 1081 3525 joculator,
1104 3442 1158 3523 qui
1182 3441 1258 3505 dixit
1281 3440 1367 3520 quod

300 3534 443 3616 probaret
464 3535 628 3599 roncinum
651 3553 743 3599 suum
767 3535 927 3599 meliorem
952 3533 1034 3614 ipsis,
1066 3532 1146 3613 quia,
1170 3530 1196 3594 si
1220 3530 1278 3612 ipsi
1302 3546 1367 3594 non

299 3623 497 3687 comederent
517 3642 632 3703 carnes,
656 3642 713 3687 nec
735 3625 810 3705 ipse,
833 3641 891 3686 nec
910 3622 1018 3685 vinum
1042 3622 1168 3698 biberet,
1192 3638 1249 3683 nec
1272 3619 1368 3683 eciam

300 3729 411 3793 panem
434 3713 621 3791 comederem
648 3714 675 3777 si
699 3713 777 3775 male
798 3712 939 3792 iacerent,
963 3711 1080 3791 etipse
1103 3709 1204 3791 peius;
1234 3708 1288 3773 sed
1312 3708 1369 3771 hec

301 3802 405 3864 omnia
436 3802 507 3883 plus
536 3801 690 3867 debebant
719 3801 871 3882 prolicere
901 3818 983 3881 equo
1014 3817 1086 3876 suo,
1118 3803 1147 3861 et
1177 3798 1283 3861 omnia
1311 3797 1370 3859 alia

242 3906 289 3953 uo
303 3889 381 3953 dura
407 3895 437 3953 et
465 3908 581 3971 aspera,
612 3909 705 3971 quam
736 3890 789 3968 eis,
823 3890 897 3970 quia
927 3888 985 3970 ipsi
1017 3905 1081 3951 non
1111 3886 1283 3963 credebant,
1313 3884 1368 3947 sed

301 3978 375 4044 iidei
397 3979 522 4043 articula
544 3979 774 4044 discredebant:
804 3997 875 4043 cum
899 3983 1001 4041 autem
1014 3978 1091 4041 ‘sine
1114 3975 1177 4039 lide
1200 3974 1242 4037 nil
1267 3976 1372 4054 posset

303 4069 374 4133 Deo
396 4069 524 4150 placere,
555 4069 599 4132 nil
630 4068 716 4149 quod
747 4069 805 4150 ipsi
835 4068 969 4131 iacerent
993 4068 1063 4130 Deo
1094 4065 1213 4145 placere
1244 4065 1369 4143 poterat,

301 4157 358 4221 sed
379 4158 457 4222 iacta
480 4159 600 4221 roncini
627 4158 676 4222 sui
702 4158 771 4222 Deo
795 4157 865 4239 plus
889 4156 1008 4238 placere
1032 4156 1178 4235 poterant,
1210 4151 1290 4231 quia,
1314 4150 1369 4214 etsi
