3584 4884
826 438 1026 492 -6-

571 608 757 687 Conqueror
780 607 840 670 hoc
862 606 915 684 illi,
938 606 992 686 qui
1015 605 1100 669 dedit
1122 623 1188 669 esse
1212 607 1307 669 mihi‘.

526 698 614 759 Tunc
631 697 716 759 Deus
740 696 938 775 omnipotens
960 695 1014 774 qui
1037 694 1177 758 condidit
1199 696 1304 758 omnia
1326 697 1432 775 verbo,

571 785 635 860 Qui
659 803 714 849 sua
730 785 867 847 membra
891 784 1008 865 probat,
1032 783 1180 863 vasc(u)la
1203 785 1287 847 velut
1308 785 1432 865 figulus,

477 894 504 941 15
528 874 697 943 Restituens
719 874 815 937 aciem
839 872 961 936 misero.
1008 874 1107 935 Tonat
1129 872 1223 935 illico:
1248 874 1359 949 ,Fallax

572 962 710 1026 Femina!
746 980 801 1025 cur
823 966 903 1024 tanta
925 961 1034 1024 fraude
1057 980 1169 1025 nocere
1191 963 1300 1042 cupis?
1344 1014 1347 1020 .

528 1053 597 1115 lieu
614 1052 704 1114 mibi!
736 1069 830 1131 quam
854 1050 963 1113 fraude
986 1050 1096 1113 mulier
1120 1051 1198 1112 mala
1217 1052 1300 1114 varia
1315 1052 1432 1129 sordet;

571 1142 688 1220 Integra
709 1140 777 1220 jura
798 1140 879 1203 thori
904 1158 967 1203 non
991 1143 1071 1203 tenet
1093 1139 1144 1201 illa
1166 1140 1242 1203 viro.

525 1229 657 1293 Alterius
679 1233 797 1308 segetes
819 1246 943 1308 semper
965 1233 1049 1308 putat
1071 1228 1231 1292 uberiores

476 1338 503 1383 ao
570 1320 618 1382 Υο
641 1318 774 1381 confinis
797 1318 892 1383 ubera
916 1335 1027 1397 magna
1049 1321 1137 1380 tenet

525 1407 658 1470 Alterius
680 1406 814 1470 thalamo
838 1407 917 1469 mala
940 1406 1036 1468 credit
1059 1406 1159 1469 inesse
1180 1407 1334 1487 sapinum

570 1496 722 1569 Quamvis
744 1495 784 1558 sit
806 1495 904 1575 spado
928 1495 971 1557 nil
995 1495 1154 1575 valeatque
1176 1495 1286 1561 thoro‘.

527 1584 657 1665 Percipit
679 1584 729 1647 illa
753 1585 862 1661 virum,
886 1584 972 1646 vultu
996 1583 1162 1664 respondet
1183 1584 1286 1647 alacri:

569 1674 693 1752 ,Magna
716 1672 787 1735 dedi
812 1672 947 1749 medicis,
972 1690 1035 1736 non
1061 1672 1115 1735 tibi
1139 1691 1211 1735 cura
1234 1673 1300 1736 fuit.

476 1780 503 1827 au
525 1762 587 1839 nst,
612 1762 665 1825 ubi
689 1762 782 1825 lustra
804 1780 860 1825 sua
883 1762 954 1825 satis
977 1761 1039 1823 uda
1061 1762 1182 1842 petebat
1204 1762 1317 1843 Apollo

571 1850 712 1915 Candida
734 1849 951 1931 splendescens
973 1850 1107 1932 Cynthia
1130 1850 1198 1913 luce
1221 1869 1311 1928 mera,

526 1941 614 2003 Tunc
628 1958 725 2020 sopor
740 1940 861 2021 irrepsit
876 1958 944 2002 mea
960 1938 1105 2018 languida
1120 1958 1258 2020 corpora,
1279 1939 1430 2020 quaedam

570 2030 676 2107 nstitit,
701 2029 837 2092 insonuit
858 2028 985 2091 auribus
1008 2028 1059 2089 illa
1083 2028 1171 2091 meis:

528 2118 646 2180 Ludere
668 2135 739 2180 cum
761 2118 873 2197 juvene
895 2117 1018 2180 studeas
1041 2117 1072 2178 in
1096 2118 1219 2180 robon's
1240 2118 1318 2195 alto;

475 2224 503 2271 eo
571 2206 674 2269 Prisca
696 2206 764 2269 viro
787 2206 910 2268 dabitur
933 2206 985 2267 lux
1008 2206 1076 2283 cito,
1099 2205 1190 2268 crede
1213 2206 1299 2269 mihi.

514 2293 622 2368 ·Quod
646 2294 715 2373 feci;
739 2294 887 2357 dominus
911 2294 982 2357 ideo
1005 2294 1059 2357 tibi
1084 2313 1211 2357 munera
1235 2295 1311 2359 lucis

570 2382 720 2461 Contulit;
745 2383 858 2447 idcirco
882 2402 1010 2446 munera
1033 2383 1128 2447 redde
1152 2384 1237 2446 mihi.

525 2471 653 2534 Addidit
675 2471 725 2534 ille
748 2472 842 2535 iidem
867 2472 996 2548 mulieri,
1020 2474 1059 2535 de
1081 2490 1171 2553 prece
1193 2473 1282 2552 cujus

570 2559 609 2624 Se
632 2579 741 2623 sanum
765 2562 868 2638 credit,
896 2561 985 2623 mittit
1007 2565 1037 2624 et
1059 2580 1153 2625 omne
1177 2562 1271 2625 neias.

475 2666 503 2714 aa
527 2650 599 2713 Esse
622 2650 700 2713 solet
722 2650 841 2713 nullum
866 2651 955 2731 pejus
978 2650 1106 2713 muliere
1128 2668 1296 2727 venenum;

571 2739 687 2801 Excolit
710 2740 795 2817 hanc,
819 2739 940 2801 adamat
962 2740 1017 2817 vir,
1040 2744 1121 2802 tenet
1142 2739 1218 2802 alter
1240 2758 1316 2803 eam.

828 2899 966 2961 Fabula
989 2900 1036 2961 lll.

526 3004 579 3068 Vir
601 3005 701 3069 vineta
723 3006 803 3070 colit.
851 3006 965 3069 Mulier
987 3010 1070 3086 putat
1093 3006 1176 3067 bunc
1198 3005 1266 3069 fore
1289 3006 1409 3069 dudum

569 3094 685 3157 Vinetis
708 3114 812 3158 carum
837 3113 911 3158 mox
933 3095 1001 3157 citat
1024 3099 1053 3157 et
1074 3094 1228 3173 juvenem.

527 3184 677 3247 lmmanes
699 3184 751 3247 dat
773 3202 848 3265 opes
871 3184 943 3265 ipsi;
966 3183 1088 3246 tandem
1113 3183 1186 3263 petit
1207 3183 1302 3261 illum,

470 3290 498 3335 ro
572 3274 614 3337 Ut
635 3273 731 3337 donet
753 3272 880 3337 Veneris
904 3272 988 3335 basia
1010 3277 1094 3351 grata
1115 3272 1186 3335 sibi.

527 3361 672 3425 Exercere
693 3362 780 3441 jocos
803 3362 931 3426 Veneris
953 3361 1053 3424 studet
1076 3361 1140 3424 iste.
1186 3360 1326 3424 Minerva

571 3448 664 3512 Hunc
685 3450 790 3515 docuit
813 3451 931 3528 mulier,
954 3449 1039 3529 quod
1064 3449 1143 3512 bene
1166 3449 1262 3530 placet
1284 3466 1362 3513 eam.

526 3537 598 3599 Non
622 3538 720 3601 sicin
744 3540 878 3603 thalamo
902 3539 1062 3603 Saturnius
1084 3538 1316 3619 Amphitrionis,

570 3625 665 3689 Nisus
687 3645 758 3689 curn
782 3628 901 3691 Venere
924 3628 1026 3708 puber
1048 3632 1081 3689 ut
1104 3627 1158 3689 iste
1181 3627 1246 3691 luit

470 3730 498 3777 ro
524 3715 687 3794 Temporis
709 3715 836 3780 articulo
860 3717 966 3779 luxum
991 3718 1097 3780 Venus
1119 3716 1208 3778 anxia
1231 3715 1339 3792 mellit;

571 3803 644 3866 inde
667 3805 762 3867 cicuta
785 3804 864 3867 mala
886 3805 962 3868 fellit
984 3824 1055 3868 eum
1079 3805 1192 3868 subit0.

526 3892 577 3955 Est
591 3892 679 3971 jocus
695 3893 749 3957 iste
765 3893 874 3971 brevis,
891 3894 1001 3956 baratri
1014 3912 1106 3973 quem
1120 3912 1194 3956 crux
1206 3911 1298 3973 grave
1310 3894 1429 3974 pungit,

569 3980 668 4060 Atque
692 4000 787 4061 rogus
809 3982 891 4061 jugis
915 4001 988 4046 mox
1010 3982 1147 4046 adolebit
1169 4000 1250 4045 eum.

525 4070 644 4132 Vermis
667 4070 752 4147 edax,
775 4070 871 4149 algor,
896 4071 1002 4151 pedor,
1027 4071 1087 4151 pix,
1111 4088 1174 4133 nox
1196 4074 1377 4150 satanasque

569 4158 688 4237 Aliligit
712 4156 853 4221 Paridem
877 4178 942 4222 non
966 4176 1037 4221 cum
1060 4160 1203 4223 crucibus
1226 4158 1365 4223 modicis.
