3584 4884
846 454 1090 510 -190-

378 622 607 703 &aliquando
635 628 824 701 commotus,
857 642 930 687 cum
961 642 1018 687 nec
1046 642 1120 705 sepe
1150 624 1191 687 de
1219 625 1280 687 hoc
1309 628 1442 687 correcta
1472 628 1503 687 et

435 712 593 775 verberata
614 713 706 776 vellet
730 730 765 775 se
790 713 953 792 corrigere,
984 713 1040 776 sed
1066 731 1171 776 coram
1193 713 1302 776 vicinis
1331 730 1402 776 eum
1426 730 1503 775 con-

435 800 586 877 funderet,
608 802 737 882 projecit
757 820 825 864 eam
848 802 880 864 in
903 802 992 865 alveo
1015 802 1071 865 rivi
1090 802 1264 881 cuiusdam,
1287 820 1354 865 eam
1377 801 1502 865 concul-

435 907 510 953 cans
522 896 554 953 et
566 890 733 953 suffocans
766 890 849 953 Cum
864 896 966 953 autern
991 907 1055 955 non
1078 895 1182 971 posset
1204 890 1289 971 loqui
1312 887 1417 967 verbo,
1441 890 1502 953 ele-

436 980 527 1041 vabat
541 996 660 1051 manus.
682 984 714 1043 et
726 979 815 1060 quasi
829 984 960 1043 atterens
979 979 1138 1060 pediculos
1153 980 1193 1043 de
1208 978 1351 1043 manibus
1365 979 1502 1042 faciebat

379 1082 424 1129 sao
528 1068 601 1131 ltem
630 1068 672 1131 de
698 1068 759 1131 alia
785 1073 907 1132 assueta
936 1068 1054 1148 litigare
1075 1073 1105 1131 et
1133 1068 1201 1131 viro
1231 1086 1353 1149 semper
1382 1072 1503 1131 contra·

435 1156 546 1233 dicere,
568 1174 639 1219 cum
662 1158 803 1220 transiret
823 1175 894 1220 cum
911 1157 980 1220 viro
1001 1175 1061 1221 suo
1084 1175 1140 1238 per
1162 1161 1291 1239 pratum,
1314 1157 1433 1220 dicebat
1454 1156 1504 1220 vir

435 1245 523 1325 quod
545 1250 610 1308 erat
630 1246 788 1309 falcatam:
819 1264 900 1311 uxor
922 1246 1034 1327 incepit
1048 1251 1171 1310 econtra
1193 1246 1295 1310 dicere
1317 1245 1402 1326 quod
1427 1263 1501 1322 non,

436 1334 535 1399 immo
557 1340 622 1397 erat
646 1340 813 1398 attonsum.
860 1336 905 1398 Px
932 1335 981 1398 his
1007 1339 1129 1416 sumpta
1156 1334 1324 1413 occasione,
1355 1334 1503 1415 processit

435 1424 486 1486 vir
505 1423 547 1486 de
567 1424 672 1487 verbis
691 1424 732 1486 ad
753 1424 890 1501 verbera,
912 1423 991 1487 adeo
1006 1424 1093 1504 quod
1117 1424 1253 1504 linguam
1277 1424 1305 1486 ei
1327 1424 1503 1504 amputavit

379 1512 521 1577 uacum
543 1517 645 1575 autem
668 1530 732 1577 non
755 1516 861 1593 posset
881 1513 978 1593 loqui,
1006 1512 1109 1593 digitis
1131 1512 1311 1576 ostendebat
1332 1512 1391 1575 sibi
1414 1512 1501 1591 quasi

435 1600 609 1682 forcipibus
630 1602 779 1665 tonderet
808 1601 882 1665 ldeo
904 1602 1018 1664 dicitur
1032 1602 1120 1665 Eecli.
1143 1620 1203 1664 rorv
1226 1600 1259 1663 d:
1287 1600 1502 1666 „Commorari

437 1691 520 1754 leoni
543 1691 591 1753 vel
607 1690 733 1754 draconi
750 1692 849 1770 magis
864 1691 964 1771 placet·
976 1709 1070 1771 quam
1086 1708 1157 1753 cum
1174 1690 1301 1753 muliere
1316 1704 1498 1753 venenosa!¹

527 1781 600 1843 item
624 1779 706 1842 idem
726 1781 860 1859 Jacobus
883 1780 974 1842 refert
995 1779 1035 1843 de
1057 1780 1115 1842 alia
1138 1779 1233 1859 quod,
1265 1796 1334 1842 cum
1357 1779 1405 1841 vir
1426 1788 1503 1842 suus

438 1870 578 1932 invitaret
605 1869 724 1932 vicinos
752 1886 836 1945 suos,
867 1868 934 1949 ipsa
965 1886 1088 1949 semper
1116 1868 1184 1931 viro
1213 1885 1272 1932 suo
1303 1867 1444 1947 litigabat,
1474 1871 1504 1929 et

380 1970 425 2017 aa)
438 1957 650 2022 confundebat
663 1976 736 2021 eum
751 1962 782 2020 et
795 1958 945 2035 turbabat
967 1962 997 2019 et
1018 1957 1096 2020 alios
1118 1957 1264 2020 similiter.
1302 1955 1384 2019 Cum
1400 1960 1502 2019 autem

436 2048 556 2110 vicinos
577 2064 653 2111 suos
674 2048 723 2109 vir
747 2047 816 2126 eius
844 2046 939 2110 semel
968 2046 1129 2123 invitasset,
1161 2046 1276 2126 paravit
1298 2045 1342 2108 eis
1365 2062 1502 2107 mensam

435 2136 520 2216 juxta
551 2135 674 2199 alveum
707 2135 849 2199 fluminis
882 2134 969 2215 quod
1003 2135 1086 2214 juxta
1116 2139 1217 2198 onum
1252 2151 1343 2197 suum
1378 2134 1503 2197 fluebat.

438 2226 506 2305 lpaa
527 2230 629 2287 autem
653 2229 759 2288 oentra
787 2224 820 2286 id
843 2224 930 2304 quod
960 2224 1009 2286 vir
1029 2241 1105 2287 suus
1135 2224 1262 2303 rogabat
1291 2240 1357 2285 eam
1381 2240 1504 2303 semper

436 2312 536 2375 facere
557 2318 621 2375 erat
641 2318 770 2376 assueta.
809 2312 892 2377 Cum
907 2318 1008 2376 autem
1024 2313 1073 2375 vir
1086 2330 1162 2375 suus
1177 2312 1295 2375 sederet
1309 2330 1380 2374 cum
1396 2310 1505 2374 vicinis

380 2418 425 2469 ω
438 2420 477 2465 ex
498 2402 642 2481 opposita
663 2406 748 2481 parte
769 2402 918 2479 fluminis,
941 2402 1069 2481 rogabat
1090 2420 1157 2464 eam
1177 2400 1263 2482 quod
1287 2419 1324 2463 ex
1347 2400 1398 2462 illa
1420 2404 1505 2481 parte

435 2490 567 2554 sederet:
582 2490 634 2552 illa
647 2494 758 2567 autem,
772 2494 929 2571 assumpta
943 2490 1025 2567 sella,
1041 2490 1120 2553 sedit
1133 2489 1172 2553 ad
1185 2490 1357 2571 oppositam
1374 2493 1490 2570 partem
1495 2509 1504 2566 ;

436 2583 467 2642 et
486 2596 559 2641 cum
581 2578 631 2641 vir
651 2596 728 2642 suus
754 2596 822 2641 eam
845 2583 968 2659 rogaret
994 2583 1029 2641 ut
1050 2579 1078 2641 ei
1104 2579 1374 2659 appropinquaret,
1405 2578 1504 2657 magis

436 2685 471 2733 se
492 2667 668 2748 elongabat,
699 2685 864 2747 usquequo
893 2667 926 2729 in
956 2667 1088 2730 fluvium
1119 2668 1246 2731 caderet
1291 2666 1374 2731 Cum
1400 2670 1502 2729 autem

436 2774 505 2821 eam
526 2756 644 2820 fluvius
673 2760 792 2837 raperet
820 2774 887 2836 quo
909 2756 1057 2835 currebat,
1087 2756 1135 2819 vir
1163 2756 1230 2836 eius
1259 2755 1441 2820 ascendebat
1462 2754 1503 2818 ad

380 2864 425 2912 reo
439 2846 614 2928 opposium
644 2850 761 2927 partem
791 2846 879 2926 quasi
910 2862 1044 2925 querens
1066 2863 1147 2923 eam;
1178 2864 1249 2909 cum
1278 2849 1379 2908 autem
1410 2862 1504 2925 super

436 2935 498 3000 hoc
517 2941 698 3015 argueretur
723 2953 743 2997 a
769 2935 886 3013 vicinis,
917 2934 1089 2997 dicentibus
1118 2933 1205 3014 quod
1237 2934 1345 3015 pocius
1376 2932 1504 2996 interius

437 3024 564 3089 deberet
593 3042 661 3088 eam
692 3042 833 3104 querere,
868 3023 1040 3105 respondit:
1078 3022 1185 3089 „Scitis
1214 3023 1288 3103 quia
1316 3021 1503 3086 contrarium

438 3113 508 3177 iecit
535 3113 629 3193 hujus
658 3112 746 3193 quod
772 3112 882 3176 debuit
903 3112 992 3176 etad
1021 3112 1207 3176 contrarium
1235 3115 1351 3193 partem
1378 3109 1505 3173 tetendit

436 3217 589 3284 semper·

814 3352 868 3407 22.
914 3342 968 3423 [.-.
992 3342 1023 3407 s
1047 3342 1131 3423 zor]

380 3486 424 3535 rao
527 3469 641 3533 Audivi
666 3468 787 3549 {quod],
809 3487 880 3533 cum
900 3467 1053 3550 dyabolus
1075 3486 1131 3549 per
1153 3467 1266 3531 multos
1287 3484 1387 3530 annos
1409 3484 1505 3547 quos·

436 3557 508 3621 dam
546 3559 742 3639 coniugatos,
778 3558 892 3621 scilicet
931 3558 1033 3620 virum
1071 3561 1100 3620 et
1137 3574 1279 3633 uxorem,
1317 3559 1503 3636 temptasset,

436 3664 494 3727 per
530 3646 653 3727 triginta
689 3646 803 3709 scilicet
838 3664 940 3709 annos
976 3646 1025 3710 vel
1057 3645 1198 3727 amplius,
1237 3649 1267 3709 et
1301 3662 1364 3708 non
1400 3648 1505 3725 posset

436 3734 593 3816 prevalere
630 3739 664 3797 ut
700 3734 807 3798 saltem
844 3734 941 3799 semel
969 3734 1180 3799 discordarent
1212 3733 1261 3797 vel
1299 3734 1377 3797 dura
1409 3732 1503 3799 verba

438 3823 593 3902 haberent,
615 3823 843 3903 transfiguravit
864 3841 898 3887 se
921 3824 953 3886 in
977 3824 1078 3888 forma
1098 3824 1227 3903 iuvenis,
1255 3822 1366 3886 sedens
1388 3825 1504 3885 mestus

378 3929 424 3978 ouo
439 3912 470 3976 in
493 3912 543 3976 via
565 3930 621 3994 per
642 3930 735 3993 quam
767 3912 900 3992 quedam
924 3912 1025 3975 vetula
1054 3912 1143 3975 lotrix
1175 3929 1349 3993 pannomm
1372 3910 1505 3973 debebat

437 4001 572 4081 transire,
594 3998 707 4065 sedens
728 4001 789 4065 sub
806 4001 926 4079 arbore,
951 4001 1068 4065 habens
1089 4001 1217 4064 cinctam
1241 3998 1406 4080 quamdam
1430 3998 1503 4062 bur-

436 4109 501 4155 sam
526 4090 649 4171 plenam
671 4090 815 4167 denariis,
838 4108 900 4169 que
923 4089 1089 4169 vulgariter
1110 4088 1223 4151 dicitur
1244 4088 1374 4167 guerles
1420 4087 1503 4152 Cum

434 4182 538 4241 autem
561 4179 662 4242 vetula
683 4179 825 4241 transiret
837 4181 867 4240 et
881 4181 1023 4257 quereret
1044 4177 1084 4239 ab
1107 4194 1145 4239 eo
1161 4176 1231 4254 quis
1252 4180 1332 4238 esset
1354 4180 1383 4239 et
1397 4192 1504 4241 causas
