3584 4884
713 459 960 520 —79-‘

284 635 449 711 accusabit,
473 636 546 714 quia
570 653 707 715 peream
724 635 916 698 scandelizati
933 651 1069 698 sumus.¹¹
1106 635 1146 697 At
1168 635 1231 697 illa:
1258 636 1358 700 „intra

285 726 407 787 secure!
432 724 477 786 Ac
493 729 581 786 nocte
596 725 711 786 erimus
727 725 765 787 de
782 725 848 804 pica
860 724 1031 788 vindicatis
1058 724 1204 804 Cumque
1219 725 1358 786 intrasset

286 817 316 875 et
343 831 401 893 per
422 813 532 889 aulam,
564 813 617 876 vbi
646 813 713 893 pion
740 817 809 890 erat,
840 814 999 876 transitum
1030 813 1158 891 fecisset,
1189 814 1256 893 pica
1284 831 1356 876 eum

286 901 467 981 loquentem
491 901 610 964 audiuit
632 903 688 964 hec
707 903 811 965 verba:
839 902 889 966 „0
914 903 997 965 bona
1019 903 1140 978 amasia,
1164 903 1240 964 vltra
1263 920 1356 981 quam

233 1008 272 1052 oo
287 991 372 1053 credi
405 994 504 1071 potest
533 991 632 1070 picam
663 991 757 1054 timeo
785 1009 840 1070 per
867 991 999 1054 omnia!
1049 991 1127 1068 Pica,
1155 1009 1225 1053 cum
1249 1009 1357 1054 vocem

286 1080 354 1142 eius
378 1080 521 1156 audisset,
548 1079 624 1159 [aitlz
657 1079 707 1144 „O
736 1081 836 1157 miser,
865 1084 990 1161 propter
1018 1080 1115 1143 noctis
1143 1080 1356 1142 obscuritatem

286 1173 315 1230 te
339 1186 405 1231 non
430 1172 538 1248 potero
561 1169 674 1244 videre,
698 1169 751 1232 sed
775 1187 882 1232 vocem
906 1173 989 1230 tuam
1013 1169 1118 1231 audio.
1159 1169 1270 1231 lniuste
1292 1170 1358 1248 agis

286 1276 358 1320 cum
384 1257 515 1320 domino
540 1276 618 1333 meo,
650 1258 735 1337 quod
765 1258 834 1338 ipso
857 1259 982 1321 absente
1005 1258 1065 1319 iam
1089 1276 1160 1320 cum
1185 1275 1280 1320 vxore
1302 1275 1358 1320 sua

286 1347 334 1408 vis
358 1345 505 1409 dormire.
550 1346 649 1409 Amen
673 1346 743 1409 dico
766 1347 830 1424 tibi,
857 1365 928 1410 cum
952 1347 1100 1410 dominus
1123 1364 1212 1409 meus
1233 1347 1358 1424 venerit,

236 1453 274 1498 455
289 1435 397 1498 omnia
421 1435 448 1496 ei
465 1435 625 1498 narrabo.¹¹
664 1436 715 1498 llle
738 1436 798 1498 hoc
820 1436 950 1498 audiens
968 1436 1009 1498 ait
1031 1435 1145 1498 amasie
1167 1453 1235 1498 sue:
1262 1436 1358 1500 „Ecce

288 1524 456 1602 karissima,
488 1524 551 1585 dixi
584 1524 638 1587 tibi
669 1525 755 1604 quod
784 1525 850 1604 pica
881 1543 940 1588 nos
962 1525 1161 1588 confundet¹¹
1211 1524 1283 1597 Que
1305 1525 1357 1586 ait:

291 1613 386 1677 „Noli
402 1613 522 1690 timere;
547 1618 635 1676 nocte
652 1613 706 1676 ista
721 1613 836 1676 erimus
852 1613 995 1676 vindicati
1011 1613 1051 1676 de
1066 1614 1161 1693 pica¹‘
1196 1613 1357 1676 Cameram

288 1702 482 1764 intrauerunt
504 1706 532 1764 et
559 1702 650 1764 simul
679 1707 767 1765 nocte
798 1703 848 1764 illa
874 1703 1075 1765 dormierunt.
1123 1703 1259 1765 Domina
1281 1702 1360 1765 circa

288 1791 487 1870 gallicantum
503 1792 633 1854 surrexit
648 1795 677 1854 et
690 1791 830 1854 ancillam
855 1792 922 1854 eius
943 1791 982 1853 ad
1006 1809 1039 1854 se
1063 1792 1187 1854 uocauit
1208 1797 1237 1854 et
1258 1792 1300 1853 ait
1317 1791 1358 1853 ei:

237 1897 275 1941 mo
293 1881 430 1944 „Eamus
453 1883 482 1942 et
512 1881 622 1942 scalam
652 1881 837 1960 accipiamus
864 1885 894 1942 et
920 1885 1031 1943 tectum
1059 1880 1174 1943 domus
1196 1881 1360 1943 ascendere

289 1968 451 2045 debemus
476 1968 610 2048 quiade
634 1969 701 2049 pica
724 1974 812 2032 nocte
836 1969 891 2032 ista
915 1987 964 2032 me
987 1969 1196 2032 vindicabor.¹¹
1233 1969 1273 2031 At
1294 1969 1356 2031 illa:

292 2057 497 2137 „Preceptum
535 2062 622 2120 tuum
661 2057 870 2138 adimplebo«
934 2058 1051 2122 Scalam
1090 2063 1284 2137 acceperunt,
1327 2058 1358 2119 in

289 2147 466 2208 summitate
496 2146 609 2209 domus
638 2147 777 2210 foramen
808 2147 946 2210 iecerunt
974 2165 1068 2227 supra
1097 2164 1206 2223 casam,
1238 2147 1270 2208 in
1298 2165 1360 2226 qua

185 2283 188 2288 .
289 2235 360 2316 pica
390 2239 465 2311 erat;
500 2239 609 2298 lectum
640 2236 843 2299 ascenderunt
873 2236 1082 2315 habentesque
1111 2253 1215 2298 secum
1246 2253 1360 2316 paruos

238 2342 276 2388 555
291 2324 423 2404 lapillos,
452 2343 574 2386 arenam
599 2326 690 2388 maris
713 2329 743 2388 et
764 2343 844 2404 aqua
866 2325 1021 2388 scutellam
1046 2325 1178 2404 plenam.
1226 2326 1282 2387 lsta
1305 2325 1361 2386 tria

291 2431 348 2493 per
370 2417 465 2476 totam
496 2418 616 2476 noctem
639 2431 734 2494 super
763 2415 861 2493 picam
893 2414 1094 2494 proiecerunt,
1125 2414 1164 2475 ita
1188 2413 1273 2492 quod
1297 2414 1360 2476 iere

290 2503 360 2582 pica
392 2506 513 2564 mortua
547 2507 616 2564 erat.
664 2504 734 2566 Hoc
767 2503 845 2566 facto
880 2502 1113 2565 descenderunt.
1160 2504 1252 2564 Mane
1285 2521 1360 2565 vero

289 2591 428 2654 amasius
451 2609 505 2670 per
528 2592 679 2670 posticum
696 2592 873 2656 ambulauit
907 2593 993 2654 liora
1008 2592 1107 2671 prima
1130 2592 1207 2654 ciuis
1229 2591 1359 2653 domum

289 2680 376 2742 venit
392 2685 427 2756 et,
444 2680 521 2742 sicut
535 2681 643 2743 solitus
658 2686 728 2758 erat,
745 2681 776 2742 in
793 2681 946 2761 principio
958 2681 1098 2743 introitus
1114 2681 1213 2760 picam
1230 2681 1362 2742 visitauit

239 2788 277 2833 no
292 2773 322 2831 et
345 2769 388 2830 ait
410 2769 451 2830 ei:
486 2769 537 2834 „O
560 2769 635 2849 pica,
667 2770 741 2850 pica,
772 2770 822 2832 dic
849 2770 942 2832 michi
971 2769 1133 2848 quomodo
1162 2774 1224 2831 erat
1250 2770 1304 2831 tibi
1329 2771 1360 2831 in

291 2875 362 2920 mea
377 2857 553 2920 absencia!¹¹
583 2859 621 2920 m
637 2859 699 2923 illa:
719 2859 769 2924 „0
786 2859 921 2934 domine,
938 2859 1040 2938 primo
1055 2858 1109 2921 tibi
1125 2857 1196 2921 dico
1213 2877 1360 2935 rumores,

291 2964 375 3025 quos
397 2946 512 3010 audiui.
547 2948 631 3010 onr
654 2951 705 3010 tua
728 2948 759 3009 in
784 2947 881 3011 noctis
897 2948 1080 3010 obscuritate
1095 2947 1244 3009 amasium
1269 2965 1360 3009 suum

291 3035 406 3096 intrare
429 3031 573 3115 permisit,
604 3055 697 3116 quam
726 3037 859 3116 grauiter
882 3037 1050 3116 arguebam
1074 3041 1103 3098 et
1131 3037 1194 3098 dixi
1219 3036 1305 3116 quod
1329 3038 1360 3098 in

292 3123 429 3187 aduentu
452 3129 507 3188 tuo
531 3127 635 3188 omnia
658 3143 830 3189 accusarem
836 3147 844 3203 ;
878 3126 938 3188 hoc
961 3143 1024 3188 non
1048 3126 1188 3188 obstante
1210 3144 1360 3188 cameram

241 3234 279 3280 ns
292 3217 379 3275 tuam
404 3213 526 3276 intrauit
548 3218 577 3276 et
599 3233 669 3277 cum
694 3214 821 3277 domina
844 3219 894 3276 tua
918 3214 1073 3276 dormiuit.
1108 3214 1223 3287 Queris
1246 3233 1321 3294 ergo
1344 3234 1362 3276 a

294 3320 354 3380 me,
379 3302 541 3381 quomodo
565 3303 596 3364 in
619 3307 671 3365 tua
693 3303 852 3366 abscencia
875 3303 968 3365 michi
992 3308 1062 3365 erat.
1096 3303 1195 3365 Amen
1211 3303 1282 3366 dico
1298 3304 1361 3381 tibi,

293 3409 467 3470 numquam
490 3395 550 3454 tam
575 3392 653 3454 male
677 3393 754 3455 sicut
777 3394 832 3455 ista
855 3396 952 3470 nocte,
976 3393 1049 3471 quia
1067 3391 1131 3454 iere
1147 3411 1215 3454 sum
1233 3397 1361 3455 mortua.

293 3479 436 3557 Grando,
453 3480 505 3542 nix
521 3485 549 3542 et
565 3481 671 3560 pluuia
686 3500 741 3561 per
755 3485 848 3544 totam
865 3485 986 3543 noctem
1002 3498 1096 3560 super
1114 3500 1164 3543 me
1179 3482 1361 3559 ceciderunt,

293 3569 326 3631 in
357 3573 473 3630 tantum
506 3570 592 3648 quod
622 3571 686 3632 fere
717 3588 786 3632 surn
815 3570 975 3632 extinctam
1025 3571 1169 3647 Domina,
1201 3589 1271 3632 cunr
1303 3571 1364 3634 hoc

243 3675 280 3720 lau
295 3657 439 3735 audisset,
466 3658 541 3738 [ait]:
569 3659 619 3723 „O
635 3658 770 3736 domine,
795 3659 854 3721 iam
879 3658 978 3721 credis
1001 3660 1068 3738 pice
1090 3664 1141 3721 tue
1164 3661 1251 3738 quod
1274 3664 1363 3722 nocte

295 3747 351 3810 ista
374 3751 436 3808 erat
466 3747 585 3827 grando
614 3767 648 3810 ac
676 3748 790 3828 pluuia.
837 3748 896 3810 Per
926 3752 1024 3810 totum
1056 3767 1172 3810 annum
1207 3767 1270 3811 non
1301 3754 1364 3810 erat

295 3853 359 3898 nox
388 3839 449 3897 tam
478 3855 586 3898 amena
616 3837 693 3900 sicut
725 3841 813 3899 nocie
845 3837 928 3899 ista.“
977 3837 1105 3899 Maritus
1135 3838 1187 3899 ait:
1226 3838 1316 3902 „lloc
1345 3856 1364 3899 a

295 3925 407 3988 uicinis
430 3925 507 3988 meis
530 3943 665 4004 queram,
690 3926 763 4005 quia
785 3925 840 3988 tibi
865 3944 929 3988 non
953 3927 1054 4003 credo,
1078 3928 1133 3989 sed
1150 3927 1248 4004 magis
1265 3928 1360 4006 piceo

297 4013 434 4076 Perrexit
455 4014 493 4076 ad
517 4015 635 4077 vicinos
658 4019 688 4077 et
709 4015 761 4076 ait:
797 4015 983 4092 „Karissimi
1013 4034 1119 4078 amore
1148 4033 1218 4077 meo
1249 4015 1362 4090 dicatis,

244 4120 283 4166 len
297 4102 323 4164 si
347 4105 411 4164 erat
438 4103 543 4182 pluuia
566 4108 618 4165 aut
640 4103 759 4182 grando
787 4105 853 4166 siue
881 4108 1043 4184 tempestas
1071 4109 1160 4166 nocte
1188 4103 1284 4165 ista?¹⁴
1325 4103 1365 4164 At

297 4191 353 4253 illi:
381 4190 474 4256 „Sine
496 4191 594 4255 dubio
617 4193 711 4271 aliqui
736 4211 773 4254 ex
796 4193 888 4254 nobis
903 4192 1071 4271 vigilabant
1093 4197 1122 4255 et
1145 4209 1208 4252 non
1232 4195 1295 4252 erat
1309 4209 1365 4270 per
