3584 4884
704 455 925 511 „31-

279 626 371 691 nimis
394 630 425 689 ct
448 626 568 703 decora,
592 644 687 705 quarn
709 625 831 706 juvenis
852 626 1005 688 adamavit
1019 625 1156 706 quidam.
1194 624 1256 689 Sed
1271 626 1351 690 adeo

230 732 266 779 au
280 720 357 779 casta
373 720 447 793 erat,
463 720 497 778 ut
508 732 579 778 eum
596 715 728 778 omnino
739 720 903 794 sperneret,
915 718 945 778 et
955 713 1022 793 ejus
1032 732 1170 777 amorem
1187 719 1351 796 respueret

281 803 374 871 Unde
390 804 503 867 dolens
518 802 597 867 adeo
613 804 753 882 efficitur,
769 808 802 866 ut
817 822 929 883 magna
939 803 1131 883 aegritudine
1142 804 1350 883 stringeretur.

280 894 340 957 Pro
364 911 429 972 qua
452 893 544 973 culpa
571 892 783 956 miserabiliter
812 894 888 955 haec
916 891 1090 973 supradicta
1120 897 1189 955 nata
1221 910 1289 955 mea
1318 892 1350 954 fn

278 982 450 1046 caniculam
474 985 588 1045 mutata
611 986 663 1045 est
687 1016 730 1027 -
762 988 788 1045 7.
813 982 871 1045 His
901 981 990 1044 dictis
1020 999 1093 1061 prae
1115 981 1214 1045 nimio
1240 980 1351 1047 dolore

279 1071 380 1152 erupit
403 1072 436 1133 in
460 1070 600 1135 lacrimas
622 1088 700 1133 anus
724 1070 783 1134 illa.
829 1070 879 1133 ad
903 1071 979 1134 haec
999 1070 1127 1133 femina:
1156 1069 1242 1144 Quid
1266 1088 1351 1151 ergo,

232 1179 268 1225 uu
281 1178 348 1223 cara
379 1158 518 1236 domina,
548 1178 616 1239 ego,
647 1159 756 1223 similis
785 1160 897 1239 peceati
928 1159 1064 1236 conscia,
1094 1159 1184 1239 quid,
1215 1158 1351 1239 inquam,

280 1250 394 1312 factura
409 1250 504 1312 sum?
544 1250 595 1311 ltle
618 1248 730 1311 etenim
746 1248 851 1311 dilexit
868 1248 998 1327 juvenis,
1020 1247 1076 1311 sed
1091 1265 1197 1311 amore
1212 1248 1352 1311 casfitatis

280 1356 350 1401 eum
382 1338 547 1414 contemsf,
577 1342 606 1401 et
635 1337 727 1400 simili
745 1336 855 1401 modo
886 1337 914 1399 ei
943 1337 1080 1416 contigit
1105 1372 1149 1381 -
1171 1335 1233 1399 Cui
1260 1354 1351 1400 anus:

281 1426 404 1491 Suadeo
420 1427 485 1504 tibi,
501 1444 570 1489 cara
584 1427 689 1504 amica,
706 1430 740 1488 ut
754 1444 847 1505 quarn
861 1426 921 1489 cito
937 1426 1053 1506 poteris
1067 1425 1161 1505 hujus
1173 1425 1351 1503 miserearis,

281 1520 308 1579 et
336 1514 427 1595 quod
458 1515 576 1594 quaerit
605 1515 708 1593 facias,
741 1532 780 1577 ne
810 1519 840 1577 et
867 1518 901 1577 tu
931 1515 1024 1578 simili
1054 1514 1152 1578 modo
1185 1514 1216 1577 in
1244 1532 1351 1577 ornem

234 1624 269 1670 aas
283 1604 419 1667 muteris.
458 1603 491 1667 Si
514 1604 596 1667 enirn
620 1604 730 1667 scirem
754 1604 832 1666 inter
845 1603 991 1683 juvenem
1007 1602 1195 1684 praedictum
1212 1607 1242 1666 et
1256 1603 1351 1666 filiam

282 1712 383 1757 meam
415 1710 562 1771 amorem,
594 1710 764 1772 numquam
792 1692 825 1755 in
856 1710 963 1756 canem
995 1697 1163 1755 mutaretur
1188 1692 1253 1755 tilia
1275 1710 1352 1755 mea.

282 1788 311 1844 8.
335 1780 398 1845 Cui
422 1781 465 1845 ait
487 1782 597 1844 mulier
619 1785 711 1845 casu:
750 1781 891 1845 Obsecro
915 1785 949 1843 ut
970 1782 1135 1844 consilium
1159 1781 1235 1843 mihi
1259 1781 1353 1859 hujus

281 1870 323 1933 rei
360 1870 435 1933 utile
470 1870 565 1948 dicas,
601 1888 652 1947 ne,
688 1872 812 1951 propria
842 1870 943 1933 forma
974 1888 1042 1933 mea
1076 1871 1203 1950 privata,
1237 1870 1355 1933 efficiar

281 1959 429 2023 canicula.
461 1995 488 2003 -
519 1958 568 2021 Ad
597 1959 672 2021 haec
694 1958 805 2021 vetula:
838 1960 980 2023 libenter
1007 1977 1065 2038 pro
1090 1959 1148 2021 Dei
1176 1977 1294 2036 amore,
1325 1964 1354 2022 et

232 2049 403 2112 unanimae
420 2056 506 2111 meae
522 2048 667 2125 remedio,
690 2052 720 2111 et
734 2048 806 2128 quia
822 2048 970 2111 misereor
984 2048 1028 2109 tui
1045 2047 1129 2110 hunc
1143 2047 1352 2128 supradictum

282 2156 429 2217 quaeram
445 2137 598 2216 juvenem,
622 2141 658 2215 et,
682 2137 707 2199 si
724 2155 795 2199 eum
812 2136 951 2199 invenire
966 2141 1084 2217 potero,
1099 2136 1138 2200 ad
1154 2141 1183 2199 te
1199 2136 1354 2200 reducam.

289 2262 316 2271 -
349 2225 411 2289 Cui
435 2226 546 2305 gratias
573 2226 635 2305 egit
664 2224 782 2289 mulier.
831 2226 867 2288 Et
893 2226 938 2289 sic
966 2243 1045 2289 anus
1073 2225 1237 2289 artificiosa
1265 2226 1355 2289 dictis

281 2315 377 2378 fidem
404 2315 557 2395 praebuit,
588 2318 617 2377 et
639 2333 732 2394 quem
756 2314 897 2395 promisit
920 2314 1041 2377 reduxit
1068 2315 1226 2394 juvenem,
1259 2315 1355 2378 etsie

281 2423 336 2468 eos
359 2404 528 2467 associavit.

699 2546 765 2609 XV.
816 2554 934 2608 1-10.

233 2690 270 2736 aas
378 2680 405 2733 1.
429 2670 566 2745 Quidam
589 2670 711 2750 iuvenis
739 2670 797 2733 fuit
819 2671 873 2751 qui
904 2675 998 2734 totam
1026 2670 1226 2733 intentionem
1257 2688 1354 2748 suam,

283 2767 312 2825 et
334 2766 435 2824 totum
459 2778 584 2823 sensum
608 2778 709 2838 suum,
733 2764 762 2823 et
784 2760 886 2823 adhuc
908 2763 1006 2823 totum
1027 2764 1150 2839 tempus
1165 2777 1257 2822 suum
1273 2760 1356 2822 misit

282 2850 321 2913 ad
346 2850 416 2928 hoc,
441 2853 475 2911 ut
497 2848 587 2913 sciret
608 2848 821 2912 omnimodam
846 2853 941 2911 artem
966 2848 1111 2925 mulieris
1141 2852 1170 2911 et
1193 2849 1254 2912 hoc
1275 2848 1355 2912 facto

282 2939 382 3003 voluit
405 2938 517 3001 ducere
540 2956 679 3001 uxorem.
714 2937 774 3001 Sed
794 2937 936 3018 primitus
958 2937 1091 3018 perrexit
1112 2956 1260 3017 quaerere
1281 2950 1355 3000 con-

282 3027 402 3104 silium;
438 3030 467 3090 et
496 3027 711 3107 sapientiorem
746 3026 817 3090 illus
847 3027 984 3106 regionis
1014 3026 1090 3088 adiit
1119 3026 1291 3102 hominem,
1326 3030 1355 3089 et

233 3135 270 3181 auo
284 3116 417 3197 qualiter
452 3116 606 3179 custodire
640 3119 744 3196 posset
777 3134 870 3195 quam
906 3115 1018 3177 ducere
1051 3115 1174 3178 volebat
1207 3116 1356 3194 quaesivit

283 3223 424 3268 uxorem.
472 3212 500 3267 2.
524 3204 652 3285 Sapiens
675 3222 749 3267 vero
766 3205 840 3267 haec
854 3204 984 3267 audiens
999 3203 1085 3266 dedit
1098 3204 1158 3267 sibi
1181 3204 1354 3281 consilium,

283 3294 371 3374 quod
389 3298 577 3357 construeret
591 3292 721 3357 domum
737 3293 804 3356 altis
820 3293 987 3374 parietibus
1006 3292 1142 3373 lapideis,
1166 3296 1356 3373 poneretque

284 3384 368 3446 intus
391 3381 561 3459 mulierem,
585 3381 731 3462 daretque
754 3383 813 3445 sibi
837 3383 909 3445 satis
930 3381 970 3444 ad
986 3380 1223 3459 comedendum,
1247 3386 1276 3444 et
1291 3400 1354 3445 non

284 3471 444 3552 superflua
468 3471 654 3549 indumenta,
678 3470 850 3551 laceretque
872 3471 912 3534 ita
935 3470 1065 3533 domum
1089 3470 1176 3550 quod
1197 3488 1261 3533 non
1277 3476 1356 3534 esset

235 3578 273 3623 us
286 3561 318 3623 in
334 3579 371 3623 ea
392 3560 451 3623 nisi
471 3561 572 3623 solum
597 3560 709 3623 ostium
733 3561 861 3641 solaque
883 3560 1014 3623 fenestra
1037 3578 1093 3639 per
1115 3577 1208 3639 quam
1232 3560 1355 3636 videret,

285 3650 339 3714 sed
364 3653 447 3711 tanta
468 3648 626 3712 altitudine
650 3668 705 3729 per
727 3668 820 3729 quam
843 3667 936 3712 nemo
957 3649 1068 3711 intrare
1083 3652 1187 3729 posset
1201 3648 1248 3711 vel
1265 3650 1355 3711 exire

287 3746 315 3803 3.
340 3738 468 3818 Juvenis
490 3756 578 3817 crgo,
606 3738 711 3801 audito
735 3738 865 3802 consilio
888 3738 1046 3819 sapientis,
1073 3738 1152 3801 sicut
1177 3737 1205 3800 ef
1228 3737 1357 3817 jusserat

286 3828 356 3907 egit
404 3828 496 3890 Mane
519 3844 594 3891 vero
617 3827 744 3907 quando
771 3828 893 3907 juvenis
923 3826 964 3889 de
993 3826 1090 3889 domo
1119 3827 1220 3890 exibat
1242 3827 1355 3889 ostium

286 3916 401 3981 domus
417 3915 566 3994 firmabat,
589 3920 619 3979 ct
633 3915 771 3979 similiter
786 3916 914 3995 quando
930 3915 1067 3978 intrabat
1102 3914 1239 3989 Quando
1254 3920 1355 3979 autem

237 4023 273 4069 uu
287 4004 462 4069 dormiebat
495 4005 553 4069 sub
587 4005 683 4085 capite
713 4022 771 4069 suo
802 4005 917 4068 clavem
948 4005 1062 4067 domus
1092 4003 1233 4084 ponebat
1287 4006 1357 4068 lioc

286 4112 360 4158 vero
385 4094 483 4172 longo
506 4098 644 4174 ternpore
667 4094 735 4174 egit.
782 4094 926 4167 Quadam
950 4110 1025 4155 vero
1047 4092 1110 4171 die,
1138 4092 1213 4155 dum
1236 4093 1357 4172 juvenis

288 4183 342 4247 iret
364 4182 405 4246 ad
430 4182 546 4260 forum,
576 4183 687 4246 mulier
708 4200 776 4261 sua,
807 4187 841 4245 ut
871 4187 934 4245 erat
962 4181 1051 4245 solita
1081 4182 1192 4258 facere,
1221 4180 1357 4244 ascendit
