3584 4884
831 401 1029 457 „g-

577 574 650 636 Exta
673 572 799 653 Cupido
824 572 916 635 nimis
939 572 1052 653 pallida
1074 577 1232 636 torruerat

481 680 508 725 95
533 663 629 725 Mater
652 679 718 725 eam
742 662 843 724 timuit
865 662 977 741 injusta
1000 666 1084 743 peste
1106 663 1224 741 gravari

576 752 751 825 Quaerens:
774 750 851 827 ‚Cur
873 750 972 831 pallor
994 750 1091 813 inficit
1113 751 1163 814 hic
1185 751 1317 814 faciem?

531 840 570 905 Se
593 844 710 921 captam
727 839 860 903 referens
884 840 1015 902 nimium
1032 840 1170 903 invenies
1185 859 1387 921 peramorem.

575 929 651 1007 ,Cur
673 928 733 991 hoc
755 928 864 1005 celasti,
887 928 952 990 iilia
973 947 1050 1007 cara,
1074 929 1181 992 mihi?‘

534 1018 595 1081 Pro
619 1017 695 1080 natis
718 1021 825 1079 natura
848 1022 958 1097 potens
979 1018 1106 1097 vigilare
1129 1022 1269 1099 parentes

477 1124 517 1171 100
578 1107 661 1185 Vult;
684 1106 822 1185 genetrix
845 1110 931 1168 natae
954 1110 1102 1170 convocat
1124 1106 1196 1169 inde
1221 1106 1331 1169 Parim.

533 1196 694 1275 invigilant
716 1194 824 1275 epulis,
848 1194 944 1259 Ceres
966 1196 1120 1275 servitque
1145 1197 1261 1276 Lyaeus

532 1284 608 1365 Ipsis
631 1288 660 1347 et
683 1301 788 1345 mensa
810 1283 925 1348 fercula
948 1284 1042 1346 mulla
1063 1285 1138 1347 tulit

533 1374 592 1437 Hic
617 1372 736 1435 Bachus
759 1372 837 1435 saliit
859 1390 944 1451 auro,
968 1374 1047 1453 sapit
1069 1374 1119 1435 hic
1141 1374 1212 1450 fera,
1237 1373 1340 1453 piscis;

577 1462 616 1525 Se
638 1462 737 1525 fessos
752 1460 901 1524 humeros
924 1480 1030 1525 mensa
1052 1466 1154 1525 tenere
1177 1461 1275 1525 docet.

478 1552 655 1631 ronJunctus
678 1567 749 1613 cum
774 1549 886 1613 Cerere
909 1550 974 1613 vult
996 1550 1150 1614 luxuriare
1174 1552 1303 1631 Lyaeus;

578 1642 621 1704 Ut
642 1642 767 1719 generet
788 1640 940 1702 Venerem
965 1639 1058 1702 utitur
1081 1639 1132 1701 ille
1155 1639 1255 1703 nimis.

531 1728 614 1793 Abra
637 1728 752 1791 citatur.
785 1727 893 1805 Adest;
917 1728 987 1791 lacit
1010 1728 1070 1791 illis
1093 1728 1198 1792 nobile
1221 1732 1357 1792 stratum.

578 1818 648 1879 Hoc
671 1816 813 1879 Citharea
835 1817 904 1879 citat
926 1816 1028 1897 adque
1049 1817 1136 1896 jocos
1159 1822 1289 1880 teneros,

533 1906 696 1986 indulgent
718 1906 838 1969 Veneri.
885 1906 969 1969 Misit
992 1907 1127 1969 Fortuna
1149 1906 1292 1968 maritum

479 2014 518 2058 uo
578 1996 626 2057 nd
650 1998 761 2058 lectum
785 1994 956 2075 proprium,
979 2012 1044 2075 quo
1067 2013 1122 2058 sua
1145 2012 1260 2075 sponsa
1282 1995 1348 2058 tuit

534 2084 594 2147 Hic
616 2088 712 2159 tonat;
736 2084 811 2146 haec
832 2084 932 2163 surgit
953 2088 983 2147 et
1005 2089 1111 2164 posiae
1134 2084 1279 2165 repagula
1301 2084 1394 2160 laxat;

576 2174 649 2235 Non
672 2190 751 2234 anus
772 2176 869 2234 astuta
892 2172 1025 2235 condere
1048 2174 1115 2252 quit
1138 2173 1289 2237 Paridem.

532 2260 655 2340 Cogitat
677 2264 705 2323 et
728 2261 839 2340 reperit
861 2265 954 2323 artem
961 2282 969 2336 ;
993 2261 1045 2323 dat
1066 2262 1094 2323 ei
1118 2262 1296 2341 pugionem,

578 2350 650 2430 ipsi:
674 2348 787 2428 Staque
809 2353 912 2412 tacens
934 2354 1024 2429 atque
1047 2354 1115 2412 tene
1137 2350 1286 2429 gladium.

478 2458 518 2502 nn
533 2438 653 2501 Terruit
676 2438 730 2500 iste
753 2441 854 2501 tacens
877 2456 1037 2518 sponsum,
1065 2438 1141 2501 dum
1164 2439 1323 2519 quaeritat:
1352 2439 1378 2502 is
1400 2439 1439 2502 sit

576 2527 682 2589 Adstat
704 2544 775 2589 cum
798 2526 913 2606 gladio.
960 2527 1074 2591 Socrus
1096 2528 1138 2590 ait
1159 2528 1277 2591 subito:

533 2615 670 2690 Quidam
694 2615 850 2678 stratilates
873 2620 1018 2679 conantes
1041 2617 1125 2679 hunc
1146 2616 1220 2679 dare
1243 2617 1334 2681 morti

576 2705 603 2767 Α
627 2704 718 2768 nobis
742 2704 812 2767 ideo
836 2705 966 2784 quaesiit
987 2705 1146 2769 auxilium.

534 2794 603 2857 Hos
618 2793 762 2857 horrebat
783 2792 822 2855 ad
846 2812 918 2856 nos:
941 2798 1022 2857 tenet
1037 2794 1087 2857 hic
1109 2794 1223 2858 idcirco
1246 2811 1438 2858 mucronem.

479 2900 519 2947 1ao
580 2882 685 2955 Quare
708 2882 756 2944 vir
778 2886 876 2961 grates
900 2883 1028 2945 contulit
1051 2883 1123 2947 huic
1145 2883 1263 2946 vetulae

533 2971 663 3035 Nescius
686 2971 736 3034 hic
758 2971 887 3035 fraudis:
911 2971 973 3047 ,Sit
996 2989 1111 3050 socrus,
1136 2972 1190 3035 tibi
1208 2972 1305 3053 gratia
1320 2989 1439 3051 magna

577 3059 627 3124 Sic
648 3060 703 3123 tibi
727 3059 778 3121 dat
801 3060 907 3123 laudes
930 3061 1155 3141 primipotentis
1177 3080 1263 3141 apex.

534 3149 677 3230 Quisque
700 3149 819 3230 probus
842 3148 934 3212 debet
956 3149 1039 3211 tratri
1063 3150 1203 3214 conferre
1224 3150 1383 3228 iuvamen5

579 3239 658 3301 Nam
683 3239 736 3317 qui
758 3238 864 3317 iuvare
887 3242 993 3318 potest,
1018 3256 1082 3301 non
1105 3238 1183 3317 lacit,
1207 3238 1234 3301 is
1257 3238 1387 3319 perimit.

479 3345 519 3391 125
535 3326 683 3391 Gratulor
705 3327 736 3389 in
760 3326 890 3391 domino
910 3328 990 3406 Jcsu.
1037 3326 1151 3391 Pariter
1174 3326 1307 3391 residere

579 3416 646 3479 Nos
669 3416 755 3479 decet
777 3420 806 3479 et
829 3434 944 3479 munus
967 3414 1096 3479 reddere
1117 3416 1235 3496 grande
1258 3416 1338 3479 deo‘.

533 3504 625 3580 Audi,
649 3522 711 3583 qua
733 3504 842 3567 fraude
865 3505 985 3585 decepit
1007 3505 1123 3568 femina
1145 3506 1312 3585 sponsum!

579 3592 658 3671 Heu,
683 3595 760 3671 quot
780 3593 883 3655 adhuc
906 3598 1035 3673 regnant
1057 3594 1193 3674 qualibet
1215 3593 1292 3656 urbe
1314 3593 1415 3672 pares!

837 3734 975 3797 Fabula
997 3736 1033 3799 V.

536 3857 659 3921 Gaudia
682 3857 729 3920 vir
750 3858 849 3937 iustus
872 3876 989 3921 conans
1012 3858 1143 3938 praelata
1166 3857 1284 3934 mereri,

479 3966 520 4015 uo
583 3947 681 4010 Dulce
704 3947 805 4010 solum
830 3947 943 4027 patriae
966 3946 1078 4010 deserit
1098 3951 1190 4026 atque
1212 3947 1345 4009 thorum.

539 4035 599 4099 Pro
623 4036 711 4098 venia
734 4040 847 4099 remeat
868 4035 908 4098 ad
931 4036 1026 4099 sancti
1050 4035 1156 4098 limina
1180 4035 1272 4112 Petri;

582 4125 664 4187 Huic
687 4128 825 4188 matrona
848 4124 905 4187 luit
927 4124 1040 4201 sobria,
1063 4125 1169 4205 pulcra
1192 4124 1292 4187 nimis.
