3584 4884
853 456 1067 509 ..12-

603 626 657 689 Vir
679 642 810 705 surgens
833 630 936 705 postes
959 625 1072 688 claudit
1094 630 1124 687 et
1146 625 1197 687 illa
1219 625 1304 688 redit

505 732 545 778 aaa
562 715 622 777 llic
644 715 751 778 clamat
773 714 821 777 vel
845 714 1004 793 ignorans:
1027 713 1118 791 ,Quis
1141 714 1263 777 cursitat
1285 714 1381 777 illic?¹

605 804 731 866 Femina
753 802 928 883 respondit:
951 802 1090 883 ,Sponsa
1114 821 1231 883 precor,
1254 804 1384 867 veniam.

560 892 661 969 Parce,
686 910 794 972 precor
801 913 809 968 ;
833 909 934 954 resera
956 910 1064 969 seram,
1089 910 1128 954 ne
1152 910 1201 955 me
1223 892 1326 972 gravis
1348 893 1437 971 algor

603 980 921 1061 Consumatpenitus
943 985 973 1043 et
995 981 1110 1043 moriar
1132 982 1234 1044 borea.

559 1069 641 1133 Cum
665 1088 698 1133 se
721 1073 861 1150 peccator
883 1068 956 1133 dicit
978 1088 1126 1149 peccasse,
1150 1074 1290 1147 meretur,

504 1178 545 1223 aaa
607 1160 649 1223 Ut
671 1177 690 1221 a
711 1176 835 1221 summo
859 1162 943 1239 patre
966 1158 1056 1221 detur
1078 1158 1105 1221 ei
1128 1159 1225 1221 venia.

561 1250 594 1310 ln
618 1265 707 1310 cruce
729 1246 852 1327 vispilio
875 1248 996 1310 veniam
1021 1247 1177 1328 quaesivit,
1204 1252 1234 1310 et
1255 1247 1306 1310 ille

604 1336 744 1399 Contulit
767 1336 840 1399 huic
862 1336 971 1399 orbem
995 1336 1050 1416 qui
1074 1337 1151 1416 regit
1173 1340 1264 1417 atque
1287 1336 1405 1417 polum.

559 1424 696 1499 Quando
719 1424 819 1487 scelus
841 1425 947 1487 sceleri
971 1426 1091 1487 veniam
1115 1424 1240 1500 dederit,
1265 1429 1356 1487 metet
1369 1443 1466 1504 aequa

605 1515 703 1578 lance
727 1514 796 1576 Deo
820 1514 955 1594 veniam;
980 1514 1092 1593 pagina
1114 1532 1199 1577 sacra
1220 1514 1265 1577 sic
1287 1514 1353 1577 fert

504 1623 545 1669 265
562 1604 643 1682 Ergo
666 1601 741 1665 mihi
766 1620 863 1683 parce,
886 1602 942 1665 tibi
966 1602 1052 1682 quod
1076 1607 1178 1683 parcat
1201 1603 1288 1666 Deus
1311 1603 1384 1683 ipse,

606 1693 642 1753 Et
664 1691 759 1754 donet
781 1691 933 1769 meritum,
957 1691 1044 1770 quod
1067 1692 1135 1754 sine
1157 1692 1221 1754 fine
1242 1692 1333 1770 viget

559 1780 668 1861 Aspris
691 1784 725 1843 ut
747 1780 802 1843 iste
825 1797 913 1842 suarn
936 1780 1038 1842 verbis
1061 1780 1128 1859 ejus
1150 1784 1230 1843 serat
1251 1798 1366 1856 aurem,

606 1869 680 1949 Ejus
702 1868 840 1948 cognatis
864 1868 919 1931 ista
942 1868 1053 1932 reterre
1076 1869 1193 1947 volens,

561 1957 690 2021 Addidit
713 1958 767 2021 ista
790 1958 889 2020 minas
912 1957 999 2035 huic;
1022 1975 1055 2019 se
1078 1958 1186 2020 saltare
1209 1958 1341 2020 minatur

507 2066 547 2111 aro
608 2049 641 2109 ln
665 2046 798 2110 fundum
823 2046 914 2127 putei,
942 2046 973 2108 ni
997 2050 1109 2109 reseret
1130 2046 1254 2110 bifores.

562 2136 616 2199 Vir
639 2154 773 2198 reserare
796 2153 921 2214 negans,
944 2135 1044 2198 statim
1067 2136 1151 2198 videt
1173 2136 1224 2198 illa
1245 2135 1380 2198 chimera

607 2226 774 2286 lmmanem
798 2228 916 2286 cautem
923 2245 931 2300 ;
955 2224 1077 2304 projicit
1099 2225 1130 2286 in
1154 2228 1290 2304 puteum.

562 2314 672 2391 lugens
696 2316 822 2391 ruptura
846 2311 957 2391 lapidis
980 2330 1107 2392 quoque
1130 2314 1236 2375 terruit
1258 2313 1345 2375 illum

607 2402 642 2463 Et
664 2400 748 2463 dolet
771 2400 802 2461 in
826 2400 945 2462 flumen
969 2401 1049 2463 hanc
1071 2401 1216 2464 cecidisse
1239 2406 1358 2481 putans.

507 2508 547 2553 225
563 2489 701 2553 Currens
723 2488 821 2551 veloci
845 2488 1020 2569 depessulat
1042 2489 1119 2551 ostia
1141 2508 1242 2568 cursu,

608 2580 696 2641 llauc
718 2578 835 2641 salvare
857 2578 966 2640 volens
989 2596 1059 2640 curn
1084 2579 1196 2658 patulis
1218 2578 1324 2643 situlis.

563 2668 648 2730 llaec
669 2666 755 2747 tigris
778 2666 878 2744 currit,
903 2670 936 2728 ut
958 2671 1061 2746 postes
1084 2667 1181 2746 possit
1202 2667 1287 2730 adire

608 2757 673 2819 Has
697 2756 826 2836 patulas;
850 2754 926 2817 lallit
948 2755 1044 2817 taliter
1066 2756 1117 2818 illa
1139 2756 1250 2819 virum.

562 2844 663 2909 Obice
686 2843 858 2908 consolidat
880 2844 1008 2906 valvam.
1055 2843 1133 2906 Petit
1155 2844 1212 2908 hic„
1258 2844 1344 2907 Serat
1365 2861 1455 2907 aures

508 2952 548 2998 auo
609 2935 694 2997 Haec
715 2951 842 3013 sponsa;
867 2932 983 3013 probra
1004 2950 1075 2995 cum
1098 2932 1277 3011 salibusque
1299 2932 1392 2995 dedit

559 3021 622 3087 ,Sed
646 3026 809 3103 postquam
823 3021 969 3084 Phoebus
985 3020 1144 3083 madidum
1161 3025 1252 3102 caput
1266 3020 1362 3100 egerit
1376 3020 1469 3083 undis

608 3111 832 3174 flammivomo
854 3110 962 3189 jubare
984 3110 1085 3190 coepit
1107 3110 1195 3173 obire
1217 3110 1327 3186 solum,

564 3203 599 3263 Et
620 3201 725 3263 sellam
750 3199 847 3262 rubeo
871 3198 1017 3279 proprius
1039 3199 1179 3262 convexit
1202 3200 1277 3275 Eoo,

607 3289 689 3353 Cum
714 3289 824 3369 palmis
847 3287 1006 3351 dominam
1030 3286 1293 3367 somniferamque
1315 3286 1415 3367 lugat:

508 3396 548 3442 aar
565 3378 705 3441 Concitet
726 3378 836 3441 aflines
859 3377 934 3440 haec
955 3380 1136 3456 accusatque
1159 3376 1310 3454 maritum,

610 3467 738 3529 Dicens:
762 3467 829 3545 ,lste
853 3483 942 3529 meus
963 3465 1083 3529 fornice
1106 3471 1195 3529 nocte
1218 3466 1295 3528 latet

565 3554 685 3617 Deserit
708 3556 774 3635 ipse
797 3555 922 3617 thorum
946 3555 1079 3635 stygium
1104 3554 1282 3635 quaerendo
1305 3554 1434 3633 lupanar

608 3644 724 3721 Nocte‘,
747 3661 904 3723 suumque
928 3644 1013 3706 nefas
1035 3644 1139 3723 alligat
1161 3644 1212 3705 illa
1234 3643 1310 3706 viro.

564 3732 683 3795 Atlines
706 3731 799 3810 huius
821 3736 894 3794 lunc
917 3732 1093 3812 corripuere
1116 3732 1257 3795 maritum

509 3838 550 3883 aso
611 3820 672 3884 Pro
695 3824 779 3883 tanto
802 3820 929 3897 scelere,
952 3825 1032 3883 casta
1054 3824 1178 3900 putatur
1199 3839 1242 3883 ea.

565 3912 634 3973 l·leu
658 3910 765 3971 vitium
790 3912 904 3987 regnat,
928 3908 1023 3970 virtus
1047 3908 1252 3989 pessundatur
1273 3908 1365 3984 alrna;

608 3998 702 4061 Nulla
725 3997 804 4060 tides
826 3998 909 4076 justo
930 3996 992 4075 jam
1010 3996 1107 4074 datur,
1131 3998 1195 4060 imo
1219 3997 1309 4060 malo.

564 4087 706 4150 Calcatur
728 4086 831 4161 virtus,
855 4086 955 4148 scelus
978 4086 1099 4148 mundo
1122 4085 1306 4162 dominatur

606 4176 680 4254 Justi
704 4174 809 4253 iudicii
834 4173 914 4236 linea
937 4190 1070 4251 namque
1093 4173 1179 4253 perit
