3584 4884
846 423 1090 479 -148-

438 592 554 673 angulo
576 592 690 656 domus
712 610 808 655 vnum
832 592 964 673 lapidem
989 594 1127 674 politum,
1149 595 1203 673 qui
1221 600 1347 658 vocatur
1368 598 1500 659 carbun-

439 682 535 760 culus,
557 700 575 744 a
598 700 662 763 quo
684 686 746 745 tota
768 680 882 745 domus
909 682 1012 745 lumen
1036 683 1156 763 recepit
1202 685 1246 746 br
1269 686 1412 765 opposito
1435 706 1501 749 car·

439 770 565 835 bunculi
589 770 621 833 in
643 770 705 835 alio
726 770 843 851 angulo
858 770 935 833 vidit
957 771 1115 835 hominem
1130 777 1257 835 stantem
1274 774 1500 855 habentemque

377 859 473 923 moin
497 878 589 922 manu
619 878 676 923 sua
697 878 802 923 arcum
833 864 970 940 paratum
1002 878 1072 923 cum
1101 861 1207 940 sagitta
1234 866 1265 924 at
1293 862 1499 941 sagittandum

439 948 669 1025 carbunculum,
700 950 783 1012 etin
806 948 907 1012 fronte
935 948 1001 1011 eius
1029 953 1092 1011 erat
1113 950 1272 1029 scriptum:
1306 953 1392 1030 „Ego
1419 970 1499 1030 sum,

439 1036 493 1118 qui
516 1055 594 1116 sum,
617 1043 646 1101 et
668 1037 772 1100 nullus
795 1042 893 1117 potest
915 1038 1008 1101 vitare
1029 1038 1155 1103 archum
1179 1055 1312 1101 meumst
1360 1040 1500 1105 Clericus

439 1144 508 1189 cum
525 1127 586 1191 hoc
599 1126 732 1203 vidisset,
754 1126 982 1203 ammirabatur;
1006 1145 1155 1191 cameram
1171 1128 1293 1190 intrauit
1307 1133 1337 1191 et
1356 1130 1500 1193 mulieres

439 1214 659 1297 pulcherrimas
689 1216 720 1278 in
756 1234 891 1296 purpura
921 1220 951 1278 ct
984 1215 1077 1296 bysso
1111 1220 1271 1295 operantes
1305 1217 1435 1295 inuenit,
1470 1224 1500 1281 et

377 1323 431 1369 raro
440 1304 560 1369 nullum
598 1304 728 1369 verbum
765 1305 793 1368 ei
826 1304 976 1367 dixerunt
1024 1304 1144 1367 Deinde
1181 1306 1303 1369 intrauit
1339 1306 1498 1386 quoddam

439 1393 649 1460 stabulumet
679 1393 814 1473 optimos
843 1411 941 1473 equos
970 1393 1099 1471 inuenit;
1136 1412 1216 1474 quos
1245 1413 1315 1457 cunr
1346 1396 1499 1475 tetigisset,

440 1501 494 1564 per
516 1487 627 1546 tactum
651 1482 767 1563 lapides
795 1487 1009 1563 appamerunt.
1056 1483 1126 1545 Hoc
1153 1483 1232 1545 iacto
1255 1501 1364 1547 omnes
1385 1485 1500 1548 domos

440 1590 495 1653 per
528 1571 668 1635 ordinem
704 1571 835 1634 uisitauit
860 1576 897 1647 et,
932 1570 1085 1651 quidquid
1118 1590 1173 1635 cor
1202 1572 1269 1635 eius
1299 1572 1497 1651 desiderabat,

441 1661 566 1725 inuenit
625 1660 746 1724 Deinde
779 1660 879 1723 aulam
916 1660 1037 1723 intrauit
1069 1660 1146 1723 sicut
1180 1660 1265 1741 prius
1295 1666 1324 1723 et
1358 1662 1498 1725 recedere

378 1751 569 1815 nuvolebat.
605 1751 637 1813 ln
661 1749 754 1813 corde
776 1766 834 1812 suo
857 1748 1007 1828 cogitabat
1028 1767 1064 1812 ac
1085 1748 1215 1812 dicebat:
1242 1750 1413 1815 „Mirabilia
1434 1752 1498 1813 vidi

441 1840 535 1903 hodie
557 1843 587 1903 et
609 1838 752 1920 quidquit
774 1839 870 1901 homo
892 1836 1050 1910 desiderat,
1080 1838 1134 1901 sed
1158 1838 1261 1902 nullus
1289 1839 1390 1901 credet
1411 1840 1499 1903 dictis

441 1929 526 1993 meis.
572 1929 694 1993 Bonum
718 1945 793 2008 ergo
816 1926 921 1991 estad
949 1926 1144 2007 probacionis
1165 1927 1289 2007 signum
1311 1946 1347 1991 ac
1368 1929 1499 1992 veritatis

439 2017 556 2098 aliquid
580 2035 700 2081 mecum
725 2020 872 2097 portare«
915 2015 1055 2095 Respexit
1076 2015 1115 2077 ad
1139 2034 1275 2079 mensam
1299 2017 1497 2097 superiorem,

440 2106 516 2169 vidit
530 2107 647 2187 cyphos
662 2124 772 2169 aureos
783 2110 812 2168 et
827 2104 965 2168 cultellos
981 2104 1124 2184 optimos.
1148 2105 1196 2167 Ad
1214 2123 1350 2168 mensam
1367 2108 1497 2184 accessit,

378 2213 536 2259 ruuvnum
553 2214 590 2257 ex
606 2196 704 2275 ciphis
724 2212 794 2257 cunr
814 2211 878 2258 vno
897 2193 1020 2257 cultello
1038 2193 1157 2270 leuauit,
1181 2198 1214 2255 ut
1233 2212 1336 2257 secum
1358 2199 1497 2275 portaret.

440 2283 521 2347 Cum
545 2301 619 2348 vero
642 2283 673 2348 in
697 2284 800 2346 sinum
823 2300 914 2345 suum
931 2282 1114 2359 collocasset,
1138 2283 1241 2359 homo,
1265 2283 1319 2362 qui
1336 2283 1366 2346 in
1382 2285 1497 2363 angulo

438 2372 542 2449 stabat,
575 2390 644 2436 cum
668 2390 739 2434 arcu
763 2371 900 2451 sagittam
924 2370 1033 2433 direxit
1054 2372 1091 2433 ad
1116 2372 1336 2434 carbunculum
1360 2376 1389 2434 et
1411 2372 1497 2435 illum

438 2460 590 2541 sagittauit
610 2479 646 2523 ac
668 2460 699 2523 in
724 2461 783 2539 (Βὶ.
808 2460 893 2539 961.)
918 2460 1028 2523 multas
1051 2464 1149 2540 partes
1171 2460 1267 2539 fregit
1302 2460 1406 2524 Statim
1429 2462 1499 2524 aula

439 2550 514 2613 lacta
526 2553 571 2613 est
586 2554 646 2613 tam
663 2550 823 2612 tenebrosa
838 2548 916 2611 sicut
931 2566 1002 2613 nox
1025 2548 1163 2613 Clericus
1179 2550 1234 2612 hec
1248 2548 1356 2612 videns
1371 2550 1499 2613 totaliter

377 2658 430 2705 ruo
439 2643 648 2703 consternatus
669 2642 721 2716 est,
746 2642 870 2719 propter
888 2636 1014 2699 nimiam
1038 2638 1250 2701 obscuritatem
1269 2639 1349 2700 viam
1366 2638 1498 2701 exeundi

439 2728 578 2793 inuenire
601 2744 664 2791 non
681 2731 797 2808 poterat
812 2731 841 2789 et
855 2726 899 2791 sic
918 2726 948 2788 in
965 2726 1070 2789 eadem
1086 2727 1156 2789 aula
1174 2727 1284 2791 misera
1300 2732 1397 2791 morte
1412 2728 1497 2791 obiit

772 2886 848 2968 Cap.
875 2893 937 2950 182
962 2886 1020 2967 (Βί.
1051 2886 1169 2965 1114ν.).

652 3008 696 3065 De
712 3006 819 3076 ancilla,
842 3022 899 3078 que
916 3009 1011 3062 cantus
1029 3006 1124 3062 auium
1143 3004 1281 3061 intellexit.

528 3139 708 3205 Gordianus
732 3136 869 3218 regnauit
891 3140 1001 3216 potens
1022 3136 1118 3213 valde,
1152 3135 1181 3197 in
1207 3135 1293 3198 cuius
1317 3154 1413 3215 regno
1437 3142 1500 3200 erat

439 3228 564 3311 quidam
590 3228 676 3291 miles
698 3243 875 3309 generosus,
900 3226 953 3305 qui
974 3224 1110 3306 pulcram
1126 3242 1250 3287 vxorem
1276 3224 1413 3302 habebat,
1437 3244 1500 3305 que

438 3318 498 3382 sub
521 3335 559 3382 eo
581 3316 745 3381 adulteram
760 3319 812 3378 est.
846 3314 964 3378 Accidit
986 3313 1088 3392 semel,
1111 3313 1197 3393 quod
1221 3313 1346 3376 maritus
1369 3314 1435 3376 eius
1458 3314 1498 3377 ad

376 3424 429 3471 rua
438 3405 694 3488 peregrinandum
720 3404 857 3485 perrexit
902 3404 954 3466 llla
976 3422 1049 3466 vero
1073 3402 1170 3467 statim
1194 3402 1342 3465 amasium
1367 3404 1497 3465 vomuit.

439 3494 641 3576 ilabebatque
670 3493 797 3557 domina
827 3492 877 3555 illa
899 3510 990 3555 unam
1020 3491 1168 3568 ancillam,
1200 3509 1260 3570 que
1291 3491 1371 3553 miro
1402 3492 1499 3554 modo

437 3586 543 3647 cantus
557 3582 662 3645 auium
679 3581 830 3644 intellexit
847 3580 929 3644 Cum
946 3599 1019 3645 vero
1033 3580 1165 3643 amasius
1182 3580 1310 3658 intraret,
1327 3584 1412 3642 erant
1426 3584 1500 3643 tunc

438 3670 468 3735 in
492 3670 576 3735 curia
600 3672 636 3733 111
660 3670 740 3751 galli.
779 3668 868 3733 Circa
884 3670 1015 3732 mediam
1032 3673 1131 3732 autem
1149 3673 1267 3731 noctem
1285 3686 1354 3731 cum
1372 3667 1499 3731 domina

437 3776 506 3825 cum
523 3759 639 3824 amasio
656 3760 770 3837 iaceret,
787 3758 906 3838 primus
920 3758 1020 3839 gallus
1031 3762 1151 3821 cantare
1166 3758 1251 3837 cepit
1277 3756 1411 3819 Domina
1427 3775 1497 3819 cum

376 3848 495 3916 imbec
517 3848 659 3927 audisset,
685 3847 736 3929 [ait
757 3846 891 3926 ancille]:
919 3847 999 3913 „Dic
1022 3846 1122 3923 michi,
1147 3846 1310 3921 karissima,
1334 3846 1409 3925 quid
1426 3846 1499 3908 dicit

437 3936 536 4021 gallus
560 3936 591 4001 in
614 3941 703 4001 cantu
726 3936 826 3999 suoir
861 3935 914 3997 llla
930 3934 1101 4016 respondit:
1128 3934 1258 3998 „Gallus
1273 3934 1345 3996 dicit
1361 3934 1391 3996 in
1408 3938 1497 3996 cantu

437 4044 504 4106 suo,
537 4026 622 4110 quod
646 4030 678 4091 tu
702 4024 774 4089 facis
798 4023 940 4087 iniuriam
964 4022 1094 4087 domino
1118 4027 1178 4085 tuo.
1223 4021 1361 4101 Anglicis
1383 4022 1497 4085 verbis:

720 4109 761 4164 ve
780 4106 832 4163 lroc
848 4108 954 4249 affiyin
972 4123 1004 4179 yr
1021 4122 1098 4176 sang,

719 4178 773 4235 vat
790 4192 846 4248 you
921 4180 946 4232 st
963 4175 990 4249 yi
1010 4175 1097 4231 usban
1116 4188 1234 4245 urrang.r
