3584 4884
699 418 942 474 -171-

279 588 415 668 proprio
442 587 509 651 tilio
538 589 678 668 concepit
701 593 731 650 et
757 589 901 669 peperit⁴¹
952 590 1119 669 lmperator
1149 588 1210 651 hoc
1238 588 1352 665 audito,

136 663 138 747 l
222 693 266 739 su
280 681 393 739 vocata
415 677 551 754 muliere,
574 677 664 739 valde
686 678 788 739 mirari
811 679 892 757 cepit
906 694 945 740 eo
960 677 1046 757 quod
1067 676 1194 740 domina
1210 677 1261 739 illa
1276 677 1355 740 inter

280 765 359 828 alias
384 765 540 833 Romanas
570 766 715 828 mulieres
742 766 973 845 religiosissima
999 766 1169 843 haberetur,
1200 770 1352 829 ettamen

280 854 429 917 credebat
458 854 568 918 clerico
590 872 650 917 suo
673 855 746 934 quia
769 872 928 934 nunquam
958 855 1116 935 percipere
1145 854 1245 934 potuit
1266 854 1352 934 quod

281 943 311 1005 ei
336 943 525 1006 mentiretur.
562 942 644 1006 Cum
667 948 769 1006 autem
792 944 886 1005 vidua
909 944 960 1005 illa
983 943 1122 1007 inducias
1145 942 1353 1025 respondendi

281 1032 324 1094 ab
347 1032 533 1112 imperatore
559 1033 609 1094 via
638 1033 828 1110 obtinuisset,
859 1032 913 1095 ivit
944 1050 1016 1095 cum
1050 1032 1181 1095 lacrimis
1210 1032 1250 1094 ad
1279 1048 1353 1095 con-

226 1139 269 1184 seo
283 1120 463 1198 tassionem,
487 1125 517 1183 et
538 1121 589 1183 die
610 1140 647 1184 ac
669 1126 757 1185 nocte
779 1122 860 1202 cepit
882 1122 972 1184 Beate
987 1122 1106 1201 Virgini
1130 1121 1355 1201 supplicarent

282 1228 352 1272 eam
377 1210 519 1273 liberaret
539 1209 580 1272 ab
604 1210 728 1273 infamia
749 1215 779 1273 et
800 1230 819 1273 a
841 1215 949 1274 morte.
998 1210 1058 1273 Die
1080 1214 1181 1273 autem
1204 1210 1356 1289 assignata

282 1316 350 1361 non
380 1299 497 1361 invenit
525 1299 660 1378 aliquem
690 1299 729 1362 de
758 1300 865 1362 amicis
894 1300 959 1362 suis
986 1299 1040 1379 qui
1067 1298 1193 1361 auderet
1216 1298 1260 1361 ire
1282 1316 1353 1361 cum

282 1405 328 1463 ea,
344 1387 394 1449 vel
410 1388 521 1451 clerico
537 1388 729 1468 imperatoris
743 1405 777 1450 se
793 1406 961 1469 opponere,
977 1388 1050 1467 quia
1066 1404 1176 1451 omnes
1191 1387 1355 1451 credebant

283 1476 313 1538 ei
343 1479 491 1556 tanquam
526 1477 684 1557 prophete.
730 1476 812 1539 Cum
846 1480 948 1539 autem
984 1476 1196 1556 ingrederetur
1223 1475 1354 1539 domum

228 1581 270 1627 rut
285 1565 489 1645 imperatoris,
527 1566 606 1646 cepit
642 1566 758 1628 demon
795 1582 995 1645 expavescere
1033 1570 1062 1627 et
1099 1565 1237 1629 tremere.
1293 1563 1354 1629 Cui

284 1654 454 1733 imperator
476 1655 529 1717 ait:
555 1654 661 1728 „Quid
685 1654 820 1717 habes?u
857 1654 897 1716 At
927 1654 977 1717 ille
1004 1654 1166 1718 obmutuit.
1201 1653 1355 1735 Apropin-

284 1747 402 1822 quante
423 1747 524 1805 autem
548 1744 676 1806 muliere
691 1743 771 1823 cepit
785 1743 888 1805 dirum
913 1743 1061 1805 ululatum
1086 1742 1229 1821 emittere,
1253 1746 1282 1805 et
1301 1742 1354 1805 ait:

287 1833 387 1896 ‚Ecce
410 1832 508 1893 Maria
537 1848 607 1894 cnm
639 1832 767 1895 muliere
795 1832 846 1894 illa
872 1832 963 1910 venit
993 1836 1022 1895 et
1049 1850 1115 1895 eam
1145 1849 1201 1912 per
1227 1848 1353 1894 manum

283 1926 395 1983 tenens
409 1919 562 1983 addunt·
597 1922 632 1983 Et
647 1921 707 1984 hoc
721 1921 812 1999 dicto,
828 1939 899 1983 curn
915 1920 1039 1984 turbine
1054 1925 1083 1983 et
1098 1920 1194 1983 fetore
1210 1920 1355 1983 recedens

229 2028 271 2073 eoo
286 2009 446 2089 disparuit
482 2010 517 2071 lit
539 2010 580 2071 ita
600 2009 773 2089 supradicta
795 2010 889 2072 vidua
912 2026 967 2089 per
989 2009 1129 2071 virtutem
1153 2008 1356 2073 confessionis

285 2098 404 2161 auxilio
435 2099 525 2161 Reate
554 2099 691 2178 Virginis
716 2117 735 2161 a
766 2103 864 2162 morte
894 2103 924 2161 et
954 2098 1079 2160 infamia
1111 2098 1242 2175 liberata,
1273 2102 1356 2179 post·

286 2186 420 2250 modum
455 2188 572 2249 cautius
605 2188 637 2249 in
668 2188 727 2249 Dei
758 2187 888 2250 servicio
923 2187 1133 2268 perseveravit.
1179 2185 1355 2267 Aliquando

285 2281 390 2338 autem
421 2275 601 2355 hujusmodi
633 2276 732 2339 vetule
763 2276 894 2356 pessime
925 2276 1070 2338 simulant
1099 2292 1132 2339 se
1162 2275 1357 2338 divinarent

287 2364 451 2445 pecuniam
475 2369 675 2444 extorqueant
703 2366 743 2428 ab
766 2364 903 2444 illisqui
927 2364 993 2427 illas
1016 2364 1137 2429 curiose
1160 2364 1356 2444 interrogant

652 2512 702 2569 34.
744 2508 798 2587 [ε
822 2508 882 2570 Νο.
907 2506 992 2587 277.]

230 2650 275 2696 eso
380 2631 431 2693 De
453 2631 640 2711 quibusdam
654 2636 756 2695 tamen
772 2631 875 2694 audivi
892 2631 979 2712 quod
996 2632 1091 2694 multa
1106 2631 1149 2694 illi
1167 2632 1356 2713 promittunt,

288 2720 321 2781 in
345 2725 420 2782 voto
443 2738 476 2782 se
498 2720 676 2799 astringunt,
704 2725 733 2783 et
760 2726 865 2801 postea
887 2721 920 2783 in
944 2720 1160 2784 detrimentum
1184 2721 1355 2783 animarum

287 2826 415 2871 suarum
453 2813 560 2872 votum
598 2809 751 2889 frangunt
789 2809 929 2872 fraudem
968 2809 1109 2873 faciendo
1145 2810 1188 2871 illi
1227 2809 1356 2873 illudere

286 2897 405 2973 volunt,
436 2897 551 2960 similes
581 2898 702 2960 cuidam
730 2900 799 2961 viro
827 2903 856 2961 et
887 2899 976 2961 uxori
1001 2899 1075 2978 ejus,
1106 2899 1159 2977 qui
1191 2917 1261 2962 cunr
1287 2898 1357 2962 Deo

287 2986 446 3049 vovissent
467 2986 553 3066 quod
578 3004 640 3049 non
669 2986 727 3050 nisi
751 2987 783 3049 in
807 2988 927 3067 magnis
950 2988 1226 3068 sollempnitatibus
1248 2986 1356 3050 vinum

232 3095 275 3141 sto
290 3075 433 3137 biberent
460 3076 508 3137 vel
542 3076 620 3138 torte
650 3094 720 3138 cum
752 3081 917 3139 mercatum
954 3076 1093 3141 lacerent
1139 3076 1221 3140 Cum
1252 3076 1358 3157 paucis

289 3164 403 3226 diebos
435 3182 547 3244 aquam
578 3164 727 3227 bibissent
756 3164 835 3246 cepit
866 3166 963 3228 homo
993 3166 1083 3229 uxori
1114 3165 1229 3229 dicere:
1264 3167 1357 3232 „Non

285 3270 457 3333 possumus
484 3252 578 3316 hodie
608 3254 738 3317 omnino
764 3254 925 3332 abstinere,
956 3254 1102 3319 faciamus
1135 3259 1301 3319 mereatum
1325 3261 1358 3320 ut

288 3341 447 3421 possimus
469 3342 576 3405 bibere
598 3343 733 3405 vinum*
777 3344 813 3405 Et
834 3343 974 3406 vendidit
996 3344 1085 3407 uxori
1108 3345 1228 3407 asinum
1253 3362 1356 3411 suum.

287 3430 436 3509 Sequenti
472 3435 574 3493 autem
612 3431 662 3493 die
701 3431 776 3493 dixit
814 3449 894 3495 uxor
931 3434 1054 3496 marito:
1102 3434 1197 3498 „Eme
1235 3435 1357 3499 asinum

233 3538 275 3584 svs
289 3523 380 3581 tuum
403 3523 432 3581 et
454 3519 598 3583 bibemus
620 3520 755 3583 vinum.¹¹
805 3522 841 3583 Et
863 3521 903 3583 ita
923 3522 1008 3583 omni
1032 3521 1083 3585 die
1107 3522 1256 3587 iaciebant
1279 3544 1359 3589 mer-

289 3613 391 3671 catum
416 3613 448 3670 ut
470 3609 576 3670 vinum
600 3608 706 3672 bibere
728 3613 861 3689 possent

650 3753 701 3815 ³5.
743 3751 796 3831 [=
821 3752 881 3815 no.
907 3752 993 3831 282]

382 3873 521 3935 Narravit
537 3873 611 3935 mihi
627 3872 753 3953 quidam
769 3874 858 3938 valde
874 3875 1038 3955 religiosus
1054 3876 1149 3956 quod,
1174 3878 1205 3939 in
1221 3880 1359 3959 partibus

289 3961 408 4042 quibus
430 3966 636 4025 commoratus
658 3962 764 4041 tuerat,
787 3964 896 4027 accidit
919 3965 1004 4044 quod
1029 3965 1162 4047 quedam
1179 3967 1307 4031 honesta
1329 3972 1359 4030 et

289 4049 437 4129 religiosa
464 4053 601 4111 matrona
630 4051 806 4131 frequenter
836 4052 875 4114 ad
904 4054 1061 4117 ecclesiam
1093 4055 1220 4117 veniens
1247 4055 1298 4116 die
1324 4072 1360 4118 ac

232 4158 275 4205 rso
290 4142 383 4202 nocte
429 4136 621 4201 devotissime
660 4140 799 4203 Domino
847 4142 1005 4205 serviebat.
1074 4142 1212 4215 Quidam
1258 4145 1358 4205 autem
