3584 4884
832 478 1075 532 -144-

358 649 445 715 torosi
471 649 554 711 nulla
577 649 733 728 cogitacio,
766 667 841 728 ergo
866 667 923 711 nec
945 665 1008 711 cor.
1053 648 1136 728 Aper
1160 648 1214 710 iste
1241 648 1343 728 primo
1367 648 1492 710 intrauit

421 741 521 801 ortum
539 742 568 800 et
583 738 677 800 multa
700 738 779 800 mala
801 738 964 801 commisit
1004 738 1070 816 Ego
1086 754 1159 799 vero
1184 738 1244 800 hoc
1259 737 1367 799 videns
1382 755 1490 798 aurem

420 827 487 890 eius
520 826 672 889 sinistram
707 827 837 906 abscidi,
873 826 1015 888 clamauit
1046 831 1075 888 et
1109 825 1192 888 toras
1223 826 1326 888 exiuit.
1373 824 1405 888 Si
1435 844 1492 888 cor

421 915 584 992 habuisset,
608 916 648 977 de
670 933 744 978 aure
766 916 877 978 amissa
901 915 1063 994 cogitasset
1070 936 1077 990 ;
1101 915 1156 977 sed
1172 915 1233 977 hoc
1248 933 1311 977 non
1336 915 1413 991 tecit,
1435 915 1489 993 qui

422 1005 526 1066 iterato
549 1004 678 1066 intrauit.
710 1005 792 1083 Ergo
816 1023 869 1068 eor
893 1022 956 1066 non
982 1004 1125 1080 habebat;
1149 1004 1224 1066 etsi
1249 1022 1303 1066 cor
1326 1004 1490 1081 habuisset,

358 1111 412 1158 loeo
422 1092 548 1172 quando
571 1111 677 1156 aurem
693 1093 760 1155 eius
776 1092 912 1155 dextram
929 1092 1055 1170 abscidi,
1080 1092 1140 1155 hoc
1159 1092 1309 1171 cogitasse
1324 1092 1490 1155 debuisset

422 1181 482 1245 Sed
507 1199 570 1244 non
601 1181 747 1261 cogitauit
769 1181 809 1244 de
831 1199 906 1244 aure
928 1181 1034 1244 dextra
1056 1181 1200 1244 ammissa
1230 1181 1301 1261 plus
1328 1200 1422 1260 quam
1450 1181 1491 1242 de

421 1270 549 1346 sinistra,
585 1271 657 1350 quia
686 1271 777 1333 tercia
808 1270 875 1333 vice
905 1270 1015 1332 iterum
1049 1270 1179 1334 intrauit
1226 1271 1309 1349 Ergo
1339 1288 1394 1333 cor
1425 1288 1490 1332 non

423 1359 560 1422 habebat.
594 1361 665 1421 ltem
690 1359 715 1422 si
739 1377 793 1422 cor
816 1359 979 1436 habuisset
1004 1377 1175 1438 numquam
1199 1363 1270 1439 post
1290 1359 1490 1422 amissionem

421 1448 526 1510 dextre
549 1448 631 1511 auris
655 1447 820 1526 introisset
851 1448 905 1510 sed
935 1448 994 1510 hoc
1025 1466 1088 1510 non
1118 1448 1257 1511 obstante
1280 1447 1358 1510 tecit.
1407 1449 1490 1526 Ergo

360 1555 413 1602 aoso
423 1555 481 1616 ego
505 1536 633 1600 caudam
658 1537 723 1600 eius
746 1537 872 1600 abscidi.
922 1538 958 1599 Et
979 1536 1051 1599 ideo
1075 1554 1129 1599 cor
1151 1553 1215 1598 non
1240 1536 1382 1614 habebat;
1412 1537 1491 1599 etsi

423 1625 529 1688 inisset
559 1625 660 1704 aliqua
692 1644 761 1705 pars
791 1626 894 1689 cordis
918 1626 949 1687 in
974 1644 1020 1702 eo,
1051 1625 1091 1687 de
1118 1625 1246 1688 auribus
1275 1630 1305 1688 et
1331 1625 1371 1687 de
1393 1624 1492 1687 cauda

423 1714 530 1777 intime
553 1715 713 1794 cogitasset
743 1719 772 1776 et
799 1733 970 1794 numquam
1000 1718 1106 1794 postea
1136 1714 1271 1777 redisset
1316 1713 1377 1777 Sed
1402 1713 1493 1776 rediit

423 1807 452 1866 et
487 1804 580 1866 multa
615 1803 694 1865 mala
724 1803 885 1866 commisit.
933 1803 1006 1866 ldeo
1039 1821 1109 1865 eum
1141 1803 1250 1866 occidi.
1299 1804 1335 1865 Et
1363 1803 1407 1865 sic
1436 1822 1492 1883 per

424 1892 494 1955 istas
518 1893 656 1956 raciones
679 1892 769 1955 vobis
793 1892 923 1970 ostendi,
947 1892 1033 1972 quod
1058 1910 1122 1954 non
1139 1892 1281 1954 habuerit
1302 1907 1384 1954 cor.u
1427 1892 1493 1961 Rex

361 1999 414 2047 1090
424 1999 496 2044 vero
520 2000 590 2044 cnm
615 1981 675 2044 hoc
697 1981 840 2058 audisset,
864 2000 928 2044 non
953 1981 1052 2062 potuit
1071 1981 1248 2043 racionibns
1270 1981 1491 2057 contradicere;

424 2070 518 2132 etsie
542 2071 638 2133 euasit
660 2089 761 2148 cocus,
786 2071 858 2150 quia
882 2071 968 2150 prius
991 2088 1045 2133 cor
1068 2069 1242 2132 commedit

772 2265 847 2346 Cap.
875 2268 936 2328 165
964 2265 1022 2344 (Bl.
1048 2267 1143 2343 85v.).

596 2384 640 2440 De
658 2385 779 2453 camisia,
799 2385 834 2441 de
852 2401 958 2456 panno,
977 2385 1026 2457 qui
1047 2385 1083 2440 lll
1103 2385 1208 2458 polices
1226 2385 1314 2441 habet.

512 2513 665 2576 Antonius
694 2514 725 2574 in
750 2532 877 2576 romana
908 2514 1027 2576 ciuitate
1050 2515 1197 2593 regnauit,
1227 2514 1282 2594 qui
1306 2515 1343 2576 lll
1367 2515 1494 2578 virtutes

424 2601 563 2665 habebat.
601 2602 706 2664 Primo
723 2606 785 2664 erat
800 2603 915 2665 torcior
938 2604 1079 2665 omniurn
1104 2603 1268 2665 hominum
1293 2604 1324 2665 in
1348 2622 1493 2684 corpore,

424 2690 562 2754 secundo
585 2691 757 2771 sapiencior
784 2709 819 2754 ac
846 2691 960 2769 dictor,
992 2687 1066 2753 111101
1091 2691 1227 2772 pulcrior
1256 2710 1292 2755 ac
1319 2693 1350 2754 in
1381 2697 1495 2755 statura

362 2780 563 2860 1095corporis
602 2780 734 2859 longior.
789 2779 853 2854 Qui
893 2780 947 2842 diu
986 2781 1053 2843 sine
1087 2799 1183 2843 vxore
1216 2780 1298 2845 vixit
1352 2781 1493 2844 Tandem

424 2873 574 2932 venerunt
595 2869 684 2932 amici
713 2873 742 2931 et
769 2868 925 2932 dixerunt:
959 2869 1124 2947 „Domine
1156 2870 1266 2932 melius
1293 2874 1339 2932 cst
1364 2888 1492 2933 vxorem

424 2959 560 3038 accipere
582 2963 611 3020 et
634 2958 752 3038 prolem
777 2976 931 3038 generare,
963 2977 1056 3037 quam
1081 2959 1125 3021 sic
1147 2959 1214 3021 sine
1236 2977 1332 3022 vxore
1354 2963 1383 3021 et
1405 2959 1495 3038 prole

424 3053 529 3110 stare.¹‘
570 3047 610 3109 At
632 3048 697 3110 ille:
724 3047 911 3125 riKarissimi,
936 3048 1026 3110 vobis
1049 3051 1173 3124 constat,
1197 3047 1284 3126 quod
1310 3047 1381 3110 satis
1404 3047 1494 3111 diues

425 3156 459 3200 ac
482 3140 592 3216 potens
615 3155 698 3214 sum;
730 3136 800 3200 ideo
833 3137 955 3199 diuiciis
986 3154 1051 3199 non
1082 3136 1217 3215 indigeo.
1267 3137 1308 3198 lte
1335 3155 1410 3216 crgo
1438 3155 1495 3216 per

362 3245 416 3290 1100
427 3243 520 3304 regna
543 3229 572 3287 et
595 3230 690 3288 castra
713 3230 742 3287 et
772 3225 864 3288 michi
888 3226 1040 3305 virginem
1071 3243 1262 3304 generosam,
1293 3225 1430 3304 pulcram
1457 3244 1495 3288 ac

425 3314 592 3393 sapientem
628 3315 758 3392 querite!
808 3316 843 3376 Et
873 3315 899 3377 si
930 3315 986 3376 ista
1019 3315 1075 3376 tria
1108 3315 1139 3375 in
1174 3314 1276 3394 aliqua
1307 3314 1493 3391 inueneritis,

426 3403 494 3464 licet
516 3404 708 3482 paupercula,
733 3421 800 3465 eam
825 3403 856 3464 in
880 3421 1009 3466 vxorem
1034 3403 1185 3467 nabebo«
1224 3403 1427 3465 Perrexerunt
1449 3403 1493 3464 illi

426 3509 481 3570 per
504 3508 599 3569 regna
622 3495 650 3552 et
682 3509 737 3571 per
760 3496 864 3554 castra.
911 3492 1050 3554 Tandem
1083 3492 1269 3554 inuenerunt
1299 3491 1431 3572 puellam
1461 3492 1492 3553 in

426 3578 558 3658 quadam
583 3579 702 3642 ciuitate
726 3579 819 3642 nimis
843 3581 991 3660 pulcram,
1022 3581 1192 3660 graciosam
1216 3599 1252 3644 ac
1273 3581 1440 3662 sapientem
1465 3585 1495 3642 et

363 3667 465 3734 nonde
495 3667 645 3746 sanguine
674 3687 791 3747 regum,
822 3673 924 3731 tamen
956 3670 1183 3749 pauperculam.
1230 3670 1289 3750 lpsi
1317 3670 1492 3750 imperatori

427 3773 536 3818 omnes
562 3755 688 3822 virtutes
716 3757 949 3820 nunciauerunt.
996 3759 1164 3838 Imperator
1185 3777 1260 3821 vero
1283 3759 1405 3821 volebat
1427 3758 1494 3820 eius

426 3844 609 3925 sapienciam
645 3845 787 3925 experiri;
818 3847 941 3909 vocauit
976 3847 1124 3909 nuncium
1160 3852 1189 3909 et
1221 3848 1274 3909 ait:
1313 3849 1408 3912 „Ecce
1438 3847 1493 3910 tibi

426 3933 513 3997 trado
537 3951 674 4014 pannum
700 3935 815 3997 lineum
840 3935 1004 3998 habentem
1026 3936 1057 3997 in
1081 3936 1276 4014 longitudine
1291 3941 1321 3998 et
1336 3935 1494 3998 latitudine

427 4027 542 4094 tantum
568 4024 604 4085 lll
629 4023 763 4102 pollices.
809 4023 894 4087 Vade
918 4041 993 4103 ergo
1022 4029 1051 4086 et
1081 4025 1213 4104 puellam
1245 4043 1283 4086 ex
1313 4029 1396 4105 parte
1426 4042 1495 4086 mea

364 4133 418 4179 1110
427 4113 534 4189 saluta;
558 4112 642 4174 trade
662 4113 688 4173 ei
706 4113 796 4174 istum
814 4130 961 4191 pannum,
985 4113 1025 4175 de
1041 4130 1105 4191 quo
1121 4114 1291 4174 secundum
1309 4113 1493 4193 sapienciam

427 4219 513 4262 suam
549 4201 637 4262 iaciat
667 4201 759 4262 michi
794 4201 949 4262 camisiam
985 4203 1057 4262 satis
1088 4200 1214 4278 longam
1250 4205 1280 4262 et
1311 4201 1400 4262 latam
1436 4220 1495 4281 pro
