3584 4884
723 472 946 533 „55-

304 663 398 723 quam
422 663 496 709 vero
524 647 645 709 recessit
665 646 705 709 ab
728 664 767 710 eo
794 652 952 723 mercator,
981 647 1125 725 cogitavit
1149 651 1366 725 argumentum

304 738 339 795 ut
361 739 480 814 caperet
501 734 559 797 sibi
589 735 687 797 lilium
710 753 812 809 suum.
859 736 1018 809 Quicum
1046 736 1164 797 lumbus
1184 741 1265 798 esset
1285 754 1367 811 cum,

252 822 467 886 assabscondit
489 824 520 885 in
543 822 640 887 domo
662 824 835 901 cuiusdam
858 830 888 887 et
909 843 981 887 cum
996 824 1109 887 rediret
1129 824 1169 886 ad
1188 843 1271 900 eum,
1292 823 1370 885 dixit

304 911 356 973 ille
384 907 602 995 quilamiserat
623 912 735 975 lilium:
763 913 913 977 Vidistine
934 914 1035 975 lilium
1059 915 1188 975 meum?
1221 912 1283 976 Cui
1306 930 1369 975 res-

304 1000 430 1079 pondit:
454 1000 522 1063 Alia
543 1000 595 1063 die
618 1020 714 1081 prope
729 1007 811 1065 tuam
835 1002 967 1065 domum
989 1003 1054 1064 vidi
1068 1021 1166 1078 avem,
1189 1021 1251 1081 que
1269 1002 1370 1081 rapuit

305 1106 404 1151 unum
421 1108 564 1169 puerum;
585 1092 689 1153 nescio
704 1096 803 1153 tamen
824 1096 928 1153 utrum
943 1092 1002 1153 fuit
1016 1092 1100 1154 tilius
1114 1096 1196 1154 tuus.
1228 1092 1280 1153 llle
1294 1110 1370 1153 vero

304 1196 375 1239 cum
388 1178 507 1240 audiret
513 1179 653 1241 clamavit
663 1179 775 1243 etdixit
784 1180 965 1244 hominibus
971 1181 1025 1259 qui
1037 1186 1123 1243 erant
1133 1181 1190 1243 ibi:
1201 1180 1371 1242 Audivistis

252 1286 291 1329 too
305 1285 455 1345 umquam
471 1268 537 1345 tale,
553 1268 639 1347 quod
654 1287 725 1331 aves
741 1270 863 1349 rapiunt
877 1271 1014 1349 pueros?
1031 1270 1068 1331 Et
1082 1269 1276 1349 respondens
1290 1287 1370 1330 mer-

305 1361 390 1418 cator
404 1355 492 1418 dixit:
517 1358 558 1418 lta
573 1361 629 1434 est;
651 1362 730 1419 terra
751 1359 839 1421 cuius
860 1376 966 1421 mures
986 1359 1156 1421 comedunt
1169 1358 1254 1420 mille
1277 1358 1371 1420 libras

303 1444 386 1520 ferri,
410 1444 540 1524 dignum
564 1450 608 1508 est
630 1450 664 1507 ut
685 1447 751 1509 eius
765 1465 837 1510 aves
851 1448 970 1527 rapiant
985 1465 1108 1527 pueros
1139 1448 1192 1509 llle
1206 1465 1282 1509 vero
1296 1464 1368 1509 cum

303 1534 424 1597 audiret
447 1535 506 1597 hoc
520 1534 659 1613 verbum,
682 1536 841 1599 confessus
855 1541 902 1599 est
915 1536 944 1598 ci
959 1536 1121 1599 abstulisse
1136 1536 1252 1597 terrum
1266 1553 1370 1598 suum.

306 1623 342 1683 Et
363 1622 406 1684 ait
428 1623 468 1684 ei:
494 1622 625 1692 Restitue
643 1624 718 1686 mihi
742 1624 840 1687 filium
864 1643 978 1702 meum,
1001 1631 1032 1687 et
1052 1642 1113 1704 ego
1136 1625 1291 1687 restituam
1313 1624 1369 1687 tibi

253 1729 291 1773 tou
305 1710 423 1773 terrum
446 1716 543 1773 tuum.
580 1712 620 1774 At
642 1712 692 1775 ille
714 1713 840 1776 restituit
861 1715 921 1777 sibi
944 1714 1053 1790 filium,
1076 1718 1107 1777 et
1128 1714 1180 1775 illc
1200 1714 1326 1776 terrum.

695 1860 724 1916 a.
762 1854 815 1933 l=
840 1855 870 1919 s.
897 1855 982 1935 ros]

398 1977 518 2040 Dicitur
542 1977 636 2041 tuisse
659 1979 690 2039 in
714 1979 846 2058 quadam
870 1979 988 2042 civitate
1011 1979 1138 2042 nomine
1162 1979 1316 2041 &menne
1339 1979 1370 2039 in

306 2066 465 2147 provincia
481 2067 594 2129 llbezie
609 2066 735 2146 quidam
758 2069 972 2147 carpentarius,
995 2069 1044 2131 cui
1063 2072 1127 2130 erat
1141 2068 1270 2147 pulchra
1283 2084 1371 2131 uxor.

308 2156 450 2219 Habebat
467 2160 567 2217 autem
591 2156 648 2218 hec
670 2157 824 2236 quendam
840 2158 990 2219 amasium
1014 2157 1171 2236 pictorem,
1193 2157 1249 2235 qui
1263 2156 1373 2235 agebat

306 2263 377 2307 cum
409 2262 453 2307 ea.
509 2244 593 2306 Dixit
625 2244 735 2308 mulier
764 2263 822 2308 suo
853 2246 983 2309 amasio:
1013 2245 1095 2309 Volo
1129 2250 1163 2307 ut
1193 2245 1285 2307 iacias
1315 2244 1371 2307 tibi

254 2351 293 2395 uo
308 2334 434 2413 signum
459 2351 514 2414 per
536 2333 620 2413 quod
644 2351 828 2413 cognoscam
847 2340 876 2397 te
892 2335 924 2395 in
948 2339 1045 2410 nocte,
1068 2338 1103 2396 ut
1117 2352 1181 2396 non
1196 2334 1236 2396 sit
1250 2351 1373 2396 necesse

306 2422 361 2485 tibi
391 2422 522 2485 clamare
548 2440 605 2485 nec
632 2423 753 2502 pulsare
783 2424 915 2500 ianuam,
946 2441 985 2485 nc
1009 2423 1120 2486 sentiat
1145 2422 1265 2501 aliquis.
1311 2421 1372 2485 Cui

307 2512 385 2573 dixit
406 2512 551 2573 amasius:
582 2512 700 2574 Faciam
730 2512 805 2573 mihi
834 2530 973 2592 pannum
1000 2513 1106 2574 album
1130 2516 1159 2573 et
1185 2512 1309 2590 nigrum
1332 2510 1372 2571 ad

306 2600 396 2680 signa
420 2604 570 2663 rectorum
593 2602 681 2680 quasi
705 2600 820 2679 oculos,
844 2607 878 2664 ut
900 2602 1006 2663 album
1022 2602 1062 2662 sit
1080 2600 1119 2662 ad
1136 2600 1267 2663 modum
1291 2600 1372 2676 lune,

307 2690 432 2768 nigrum
456 2706 530 2751 vero
556 2689 595 2751 ad
619 2689 749 2753 modum
778 2691 896 2771 pupille
923 2690 1019 2770 oculi;
1049 2694 1079 2751 et
1105 2689 1233 2768 quando
1259 2687 1374 2750 videris

252 2796 293 2841 us
309 2778 407 2854 illum,
430 2778 469 2841 sit
490 2778 544 2841 tibi
567 2778 691 2857 signum
714 2778 892 2857 egrediendi
908 2779 947 2841 ad
971 2797 1030 2841 me.
1065 2779 1102 2839 Et
1117 2778 1229 2857 placuit
1243 2776 1372 2851 mulieri,

306 2872 337 2929 et
360 2867 429 2929 lecit
453 2867 499 2928 ita.
544 2867 745 2947 Audiensque
773 2867 843 2931 illos
865 2886 973 2930 servus
1001 2867 1139 2929 mulieris
1168 2868 1222 2947 qui
1250 2870 1314 2927 erat
1339 2866 1371 2926 in

307 2956 421 3033 domo,
461 2956 649 3018 conservavit
682 2956 811 3019 verbum
851 2956 883 3018 in
918 2956 1013 3019 corde
1046 2973 1114 3019 suo.
1172 2956 1241 3017 Erat
1270 2958 1371 3016 autem

306 3046 442 3107 amasius
463 3044 611 3107 accedens
633 3045 671 3106 ad
696 3044 792 3125 ipsam
813 3045 845 3107 in
869 3050 967 3122 nocte,
990 3049 1020 3107 et
1042 3044 1092 3106 illa
1115 3044 1225 3106 videns
1246 3043 1371 3122 signum

307 3133 488 3209 vestimenti,
516 3133 617 3196 exibat
643 3133 682 3195 ad
712 3134 814 3214 ipsum
842 3134 955 3214 statim;
983 3138 1013 3196 et
1034 3133 1079 3196 sic
1100 3132 1172 3194 tecit
1194 3133 1255 3195 hoc
1277 3131 1374 3193 modo

252 3241 294 3285 uo
309 3222 416 3285 multis
444 3222 563 3285 diebus.
618 3220 762 3295 Quadam
792 3240 866 3285 vero
901 3222 952 3285 die
982 3240 1053 3285 cum
1089 3222 1145 3283 iret
1178 3221 1304 3283 maritus
1334 3219 1374 3280 ad

307 3311 424 3373 curiam
449 3311 529 3390 regis
543 3310 583 3373 de
603 3314 692 3373 nocte
706 3310 745 3373 ad
762 3310 954 3391 operandum
971 3311 1023 3384 ibi,
1046 3310 1100 3372 ivit
1114 3328 1222 3371 servus
1237 3308 1374 3370 mulieris
1421 3334 1424 3339 ·

306 3400 347 3462 ad
364 3418 493 3463 uxorem
510 3399 640 3479 pictoris
665 3418 758 3479 quem
780 3400 891 3462 mulier
912 3400 1085 3475 adamabat;
1110 3399 1194 3478 petiit
1216 3398 1243 3460 ei
1267 3402 1301 3460 ut
1315 3396 1373 3459 sibi

307 3488 387 3551 illud
414 3489 660 3552 accommodaret
686 3488 910 3566 vestimentum,
939 3489 1086 3568 deditque
1112 3488 1140 3549 ei
1168 3492 1198 3549 et
1224 3486 1278 3548 ivit
1304 3504 1374 3547 cum

308 3595 347 3639 eo
370 3594 478 3640 servus
499 3578 537 3639 ad
563 3578 721 3640 mulierem
745 3594 832 3640 suam
857 3582 954 3641 nocte.
1000 3577 1117 3640 Videns
1140 3576 1241 3655 itaque
1265 3574 1375 3636 mulier

253 3666 435 3745 insignum
459 3666 587 3728 credidit
609 3684 700 3729 suum
725 3684 791 3729 esse
813 3666 974 3729 amasium.
1010 3665 1083 3739 Que
1105 3665 1210 3727 exiens
1232 3663 1271 3725 ad
1294 3681 1375 3739 eum,

307 3755 388 3817 stetit
417 3772 486 3817 cum
520 3773 571 3832 eo;
603 3758 633 3817 et
661 3755 768 3818 abiens
799 3772 907 3817 servus
936 3755 967 3816 in
997 3754 1078 3816 viam
1109 3771 1211 3828 suam,
1250 3751 1376 3814 restituit

308 3843 525 3913 vestimentum
550 3844 592 3905 illi
616 3844 746 3906 mulieri.
783 3844 857 3906 Post
878 3861 953 3906 vero
969 3843 1102 3905 mediam
1119 3846 1239 3905 noctem
1256 3839 1377 3902 rediens

308 3932 408 4013 pictor
430 3932 469 3994 de
492 3932 589 3995 domo
612 3932 701 4011 regis
728 3934 843 4013 accepit
869 3932 1084 3995 vestimentum
1108 3930 1185 3992 illud
1209 3933 1238 3991 et
1261 3928 1315 3989 ivit
1336 3926 1375 3989 ad

308 4021 479 4083 mulierem.
517 4022 557 4083 ut
579 4021 629 4083 illa
652 4038 722 4083 cum
746 4021 869 4098 videret,
894 4020 1056 4101 obstupuit
1070 4019 1208 4098 dixitque
1223 4017 1264 4078 ei:
1289 4015 1375 4089 Quid

254 4128 295 4173 tao
309 4110 364 4173 tibi
390 4114 479 4173 nocte
502 4110 578 4173 ista?
606 4114 636 4172 et
658 4128 752 4189 quare
780 4109 893 4172 rediisti
917 4109 956 4171 ad
980 4127 1030 4170 me
1057 4108 1165 4170 iterum
1193 4105 1376 4178 festinanter,

309 4218 347 4261 ex
370 4218 435 4281 quo
458 4198 662 4279 adimplevisti
679 4202 761 4261 tuam
778 4198 990 4261 voluntatem?
1022 4197 1061 4258 At
1084 4196 1135 4257 ille
1158 4211 1227 4257 cum
1243 4191 1378 4253 audisset
