3584 4884
813 423 1034 484 ..5⁶-

393 600 453 662 hoc
474 599 613 675 verbum,
638 598 771 679 percepit
793 598 956 678 quomodo
971 599 1049 662 alius
1071 598 1169 661 homo
1182 598 1306 661 accessit
1328 598 1367 660 ad
1389 616 1457 661 eam
1580 590 1584 594 ’

393 692 482 751 nocte
505 688 564 765 illa,
595 692 625 750 et
651 688 773 750 rediens
799 688 837 749 ad
866 687 997 750 domum
1025 705 1113 750 suam
1141 687 1221 767 cepit
1251 687 1408 767 increpare
1430 691 1459 749 et

394 780 550 857 percutere
578 794 706 839 uxorem
734 794 821 839 suam
850 776 975 853 fortiter,
1005 777 1106 839 donec
1132 776 1219 839 scivit
1239 776 1395 838 veritatem
1418 776 1459 837 de

339 882 380 929 444
395 884 427 927 re
450 883 653 946 quacumque,
701 866 736 927 Et
758 865 872 945 accepit
894 868 1108 928 vestimentum
1129 868 1159 927 et
1180 864 1351 927 combussit
1373 863 1458 926 illud.

778 1014 805 1069 9.
843 1007 897 1087 [ε
921 1006 953 1072 s.
983 1006 1068 1086 rra]

484 1130 603 1193 Dicitur
626 1130 720 1193 fnisse
744 1131 774 1193 in
799 1130 933 1210 quadam
954 1135 1033 1193 terra
1055 1130 1213 1211 provincie
1236 1130 1321 1192 lndie
1344 1130 1460 1210 peritus

395 1218 533 1282 medicus
556 1224 585 1282 et
607 1219 695 1282 valde
718 1218 847 1283 dilectus
869 1219 953 1300 apud
977 1237 1087 1283 omnes
1109 1219 1261 1283 homines.
1300 1218 1461 1282 Concessit

394 1308 476 1371 enim
501 1308 560 1371 sibi
583 1308 661 1371 deus
683 1308 819 1387 gratiam,
851 1312 884 1371 ut
907 1308 1042 1371 universi
1070 1308 1185 1370 infirmi
1213 1308 1374 1371 existentes
1400 1325 1460 1370 suo

395 1397 525 1459 consilio
547 1397 587 1460 ab
611 1415 719 1459 eorum
743 1397 947 1476 languoribus
969 1401 1156 1460 sanarentur.
1202 1396 1284 1460 Cum
1308 1401 1409 1458 autem
1434 1397 1460 1459 is

339 1504 380 1550 440
395 1489 535 1549 mortuus
558 1489 643 1563 esset,
673 1486 873 1565 respiciebant
895 1503 1087 1549 successores
1109 1486 1157 1549 sui
1180 1486 1212 1547 in
1235 1486 1301 1548 suis
1323 1485 1409 1548 libris
1432 1489 1462 1547 et

394 1574 557 1637 studebant
579 1574 610 1637 in
635 1574 702 1652 illis,
734 1579 767 1636 ut
789 1593 826 1637 ex
849 1574 894 1637 eis
921 1579 1064 1654 caperent
1093 1575 1213 1637 bonum
1237 1574 1459 1637 medicinarum

394 1662 613 1726 documentum
649 1663 874 1743 perfectamque
904 1663 1069 1725 scientiam.
1122 1662 1267 1737 Quadam
1301 1680 1376 1726 vero
1410 1662 1460 1725 die

395 1752 477 1815 venit
499 1751 538 1814 ad
561 1756 670 1814 terram
696 1752 777 1814 illam
801 1752 927 1831 quidam
944 1752 998 1831 qui
1018 1751 1138 1815 dicebat
1159 1769 1193 1815 se
1215 1770 1282 1815 esse
1305 1748 1459 1815 medicum

395 1859 541 1920 magnum
558 1844 587 1903 et
602 1844 768 1921 expertum,
792 1845 893 1903 tamen
911 1841 942 1903 in
963 1841 1154 1921 paucissimis
1169 1845 1232 1903 erat
1247 1844 1460 1921 perscrutatus.

340 1947 381 1994 444
397 1930 539 1993 Habebat
560 1933 661 1993 autem
686 1949 738 1993 rex
762 1930 843 1993 illius
867 1930 954 2009 regni
970 1929 1126 2009 quandam
1150 1930 1245 1991 filiam
1268 1947 1362 2008 quam
1385 1928 1461 1992 deli-

394 2019 485 2098 gebat
507 2018 603 2095 valde,
627 2023 656 2081 et
678 2019 748 2099 plus
771 2037 864 2098 quam
881 2037 991 2083 omnes
1013 2018 1053 2081 de
1075 2036 1131 2106 sua
1153 2018 1260 2081 domo.
1294 2017 1366 2091 Que
1389 2036 1460 2081 cum

394 2112 473 2171 esset
494 2108 621 2186 gravida
643 2111 673 2169 et
694 2111 816 2187 tempus
839 2108 886 2171 sui
911 2112 1014 2187 partus
1036 2107 1200 2183 adveniret,
1230 2106 1333 2186 gravis
1354 2124 1461 2187 super-

394 2196 475 2257 venit
498 2196 526 2257 ei
550 2196 711 2259 infirmitas
734 2196 893 2275 sanguinis
908 2197 1020 2259 fluxus
1056 2198 1177 2259 Etcum
1194 2214 1246 2259 rex
1262 2196 1322 2258 hoc
1336 2195 1462 2273 videret,

395 2284 549 2346 mandavit
571 2284 746 2347 festinanter
769 2302 826 2365 pro
849 2285 986 2365 quodam
1010 2303 1069 2348 suo
1092 2289 1167 2348 noto
1183 2284 1304 2347 medico
1327 2284 1464 2363 quierat

341 2390 382 2437 450
397 2372 428 2434 in
451 2372 509 2434 alia
532 2372 656 2450 civitate,
680 2377 714 2435 ut
736 2374 853 2435 veniret
875 2374 907 2435 in
930 2392 1111 2437 succursum
1134 2392 1190 2437 sue
1212 2373 1285 2435 filie.
1315 2372 1462 2453 Cumque

395 2460 434 2523 ad
459 2462 560 2541 ipsum
584 2462 700 2525 veniret
730 2461 862 2525 nuncius
891 2462 1008 2525 invenit
1037 2480 1108 2525 eum
1136 2480 1252 2525 cecum.
1298 2461 1362 2535 Qui
1389 2480 1465 2536 cum

395 2549 434 2612 ad
458 2568 561 2629 regem
586 2550 629 2613 ire
661 2568 724 2613 non
748 2555 859 2631 posset,
889 2551 1010 2631 scripsit
1036 2551 1064 2613 ei
1092 2551 1179 2631 quod
1209 2551 1295 2614 daret
1325 2550 1357 2613 in
1386 2557 1461 2631 potu

397 2638 461 2701 filie
484 2639 564 2717 regis
591 2639 681 2701 talem
706 2639 899 2703 medicinam.
947 2642 983 2703 Et
1003 2640 1134 2703 audiens
1161 2640 1217 2702 hec
1240 2658 1301 2717 rex,
1332 2640 1464 2718 quesivit

397 2727 510 2790 habere
540 2728 694 2790 medicum
722 2728 776 2808 qui
800 2728 888 2791 sciret
911 2729 1063 2791 conficere
1094 2733 1124 2791 et
1149 2728 1361 2791 administrare
1383 2728 1464 2791 hanc

342 2834 383 2881 444
398 2816 581 2879 medicinam
610 2834 665 2879 sue
692 2816 755 2879 filie
783 2816 899 2880 dilecte.
951 2819 986 2880 Et
1014 2818 1097 2881 misit
1128 2835 1186 2897 pro
1217 2817 1463 2898 quampluribus,

398 2906 452 2968 sed
476 2906 630 2969 neminem
655 2906 731 2969 illud
755 2910 932 2986 attemptare
946 2907 1100 2969 volentem
1124 2906 1248 2969 invenit
1281 2907 1317 2969 Et
1338 2906 1462 2969 tandem

397 3013 466 3057 cum
498 2994 580 3057 fama
610 2995 830 3074 divulgaretur,
865 2996 1004 3075 pervenit
1031 2994 1071 3058 ad
1102 3013 1174 3057 eum
1207 2995 1262 3057 iste
1294 2994 1464 3058 antedictus

397 3083 534 3147 medicus
558 3084 611 3164 qui
635 3084 754 3147 dicebat
776 3102 810 3147 se
832 3102 899 3147 esse
930 3085 1061 3165 peritum
1085 3088 1115 3147 et
1141 3083 1267 3147 doctum
1298 3083 1463 3147 medicum.

398 3174 434 3235 Et
456 3173 596 3253 promisit
619 3173 683 3253 regi
699 3174 847 3253 quoniam
864 3173 953 3236 sciret
968 3172 1148 3236 huiusmodi
1164 3172 1331 3235 medicinas
1345 3172 1464 3252 absque

343 3279 384 3324 aso
399 3261 485 3324 istius
501 3262 647 3341 magistri
671 3262 735 3325 sive
759 3261 868 3325 medici
897 3262 1055 3341 prescripti
1083 3261 1222 3339 consilio,
1252 3278 1366 3341 easque
1389 3280 1464 3325 con-

398 3350 489 3413 ficere
517 3352 596 3414 bene
624 3354 653 3413 et
680 3369 850 3431 preparare.
890 3352 927 3413 Et
952 3350 1029 3413 dixit
1055 3350 1120 3430 regi
1151 3368 1190 3413 ne
1219 3350 1345 3413 baberet
1372 3349 1464 3414 dubi-

398 3456 450 3500 um
483 3438 523 3501 de
552 3457 607 3501 sua
634 3439 699 3501 filia
729 3440 794 3503 sive
821 3439 860 3502 de
887 3440 954 3502 eius
981 3439 1167 3515 infirmitate,
1197 3456 1268 3501 cum
1299 3438 1365 3519 ipse
1395 3456 1463 3501 eam

398 3527 476 3589 bene
506 3528 546 3590 ab
581 3527 687 3589 eadem
722 3532 841 3591 sanaret
873 3528 1056 3591 infirmitate.
1115 3529 1151 3590 Et
1179 3528 1277 3590 statim
1308 3527 1465 3590 mandavit

396 3615 513 3678 famulo
536 3634 594 3679 suo
618 3620 651 3678 ut
672 3620 845 3698 apportaret
860 3617 919 3680 sibi
935 3635 1006 3680 vasa
1022 3617 1053 3679 in
1070 3618 1185 3696 quibus
1206 3620 1292 3680 erant
1312 3616 1464 3679 medicine

343 3720 384 3767 aas
398 3704 480 3767 illius
503 3704 590 3783 periti
614 3705 724 3768 medici
748 3710 777 3767 et
806 3706 910 3785 magni
933 3706 1070 3769 doctoris
1092 3706 1146 3785 qui
1170 3706 1301 3768 breviter
1323 3710 1465 3769 mortuus

397 3796 466 3870 erat,
483 3797 518 3871 et,
535 3793 650 3873 quibus
665 3794 813 3874 appositis
827 3798 896 3856 ante
913 3794 1023 3874 ipsum,
1046 3795 1161 3875 accepit
1178 3794 1290 3857 exinde
1304 3794 1462 3857 vasculum
1581 3869 1586 3879 .

398 3881 428 3943 in
453 3900 517 3962 quo
540 3887 603 3945 erat
625 3883 769 3959 toxicum,
793 3887 822 3945 et
844 3883 991 3962 ignorans
1015 3883 1091 3963 quid
1114 3888 1193 3947 esset
1215 3883 1267 3960 ibi,
1290 3883 1406 3964 aocepit
1424 3884 1464 3947 de

398 3988 435 4034 eo
458 3975 488 4034 et
511 3971 632 4035 miscuit
653 3990 723 4034 cum
747 3972 814 4034 aliis
845 3971 1007 4035 medicinis
1033 3975 1063 4034 et
1091 3971 1215 4034 tradidit
1245 3972 1310 4051 regi
1341 3972 1463 4035 dicens:

400 4061 474 4124 Ecce
498 4060 649 4123 medicina
672 4060 735 4123 filie
758 4065 817 4123 tue.
846 4060 964 4123 Videns
986 4064 1087 4123 autem
1111 4079 1165 4123 rex
1187 4060 1464 4140 promptitudinem

343 4166 384 4211 uo
399 4149 465 4213 eius
488 4150 519 4211 in
543 4148 754 4229 preparatione
777 4148 936 4225 medicine,
959 4149 1109 4211 estimavit
1131 4148 1218 4211 illum
1241 4166 1309 4211 esse
1331 4150 1463 4229 peritum
