<?xml version="1.0" encoding="UTF-8"?>
<!DOCTYPE html PUBLIC "-//W3C//DTD XHTML 1.0 Transitional//EN"
    "http://www.w3.org/TR/xhtml1/DTD/xhtml1-transitional.dtd">
<html xmlns="http://www.w3.org/1999/xhtml" xml:lang="en" lang="en">
 <head>
  <title>
</title>
<meta http-equiv="Content-Type" content="text/html;charset=utf-8" />
  <meta name='ocr-system' content='tesseract 3.04.00' />
  <meta name='ocr-capabilities' content='ocr_page ocr_carea ocr_par ocr_line ocrx_word'/>
</head>
<body>
  <div class='ocr_page' id='page_1' title='image "./probenderlatein01ulrigoog_0107.png"; bbox 0 0 3584 4884; ppageno 0'>
   <div class='ocr_carea' id='block_1_1' title="bbox 824 479 1045 536">
    <p class='ocr_par' dir='ltr' id='par_1_1' title="bbox 824 479 1045 536">
     <span class='ocr_line' id='line_1_1' title="bbox 824 479 1045 536; baseline -0.005 -18"><span class='ocrx_word' id='word_1_1' title='bbox 824 479 1045 536; x_wconf 75' lang='lat'><strong>..98-</strong></span> 
     </span>
    </p>
   </div>
   <div class='ocr_carea' id='block_1_2' title="bbox 346 649 1477 4104">
    <p class='ocr_par' dir='ltr' id='par_1_2' title="bbox 346 649 1477 4104">
     <span class='ocr_line' id='line_1_2' title="bbox 402 649 1469 730; baseline -0.001 -17"><span class='ocrx_word' id='word_1_2' title='bbox 402 651 452 714; x_wconf 90' lang='lat' dir='ltr'><strong>hie</strong></span> <span class='ocrx_word' id='word_1_3' title='bbox 475 650 588 714; x_wconf 89' lang='lat' dir='ltr'><strong>multos</strong></span> <span class='ocrx_word' id='word_1_4' title='bbox 612 650 701 727; x_wconf 90' lang='lat' dir='ltr'><strong>lilios,</strong></span> <span class='ocrx_word' id='word_1_5' title='bbox 733 667 866 730; x_wconf 91' lang='lat' dir='ltr'><strong>quorum</strong></span> <span class='ocrx_word' id='word_1_6' title='bbox 891 650 1116 730; x_wconf 91' lang='lat' dir='ltr'><strong>primogenitus</strong></span> <span class='ocrx_word' id='word_1_7' title='bbox 1139 649 1258 712; x_wconf 92' lang='lat' dir='ltr'><strong>militari</strong></span> <span class='ocrx_word' id='word_1_8' title='bbox 1283 649 1342 711; x_wconf 93' lang='lat' dir='ltr'><strong>iam</strong></span> <span class='ocrx_word' id='word_1_9' title='bbox 1367 649 1469 712; x_wconf 86' lang='lat' dir='ltr'><strong>balteo</strong></span> 
     </span>
     <span class='ocr_line' id='line_1_3' title="bbox 402 738 1469 820; baseline -0.003 -17"><span class='ocrx_word' id='word_1_10' title='bbox 402 740 588 820; x_wconf 87' lang='lat' dir='ltr'><strong>cingebatur.</strong></span> <span class='ocrx_word' id='word_1_11' title='bbox 624 739 727 812; x_wconf 88' lang='lat' dir='ltr'>Quem</span> <span class='ocrx_word' id='word_1_12' title='bbox 744 757 814 802; x_wconf 92' lang='lat' dir='ltr'><strong>cum</strong></span> <span class='ocrx_word' id='word_1_13' title='bbox 839 743 924 819; x_wconf 91' lang='lat' dir='ltr'><strong>pater</strong></span> <span class='ocrx_word' id='word_1_14' title='bbox 946 739 1039 802; x_wconf 91' lang='lat' dir='ltr'><strong>nimis</strong></span> <span class='ocrx_word' id='word_1_15' title='bbox 1061 743 1164 801; x_wconf 93' lang='lat' dir='ltr'><strong>tenere</strong></span> <span class='ocrx_word' id='word_1_16' title='bbox 1187 738 1334 818; x_wconf 74' lang='lat' dir='ltr'><strong>diligeret,</strong></span> <span class='ocrx_word' id='word_1_17' title='bbox 1358 756 1469 801; x_wconf 91' lang='lat' dir='ltr'><strong>omnes</strong></span> 
     </span>
     <span class='ocr_line' id='line_1_4' title="bbox 346 827 1468 908; baseline -0.004 -14"><span class='ocrx_word' id='word_1_18' title='bbox 346 848 374 894; x_wconf 81' lang='lat' dir='ltr'><strong>ao</strong></span> <span class='ocrx_word' id='word_1_19' title='bbox 401 829 429 892; x_wconf 90' lang='lat' dir='ltr'><strong>ei</strong></span> <span class='ocrx_word' id='word_1_20' title='bbox 452 846 524 892; x_wconf 88' lang='lat' dir='ltr'><strong>suas</strong></span> <span class='ocrx_word' id='word_1_21' title='bbox 546 828 688 908; x_wconf 81' lang='lat' dir='ltr'>exposuit</span> <span class='ocrx_word' id='word_1_22' title='bbox 710 827 830 892; x_wconf 90' lang='lat' dir='ltr'><strong>divitias</strong></span> <span class='ocrx_word' id='word_1_23' title='bbox 846 827 995 907; x_wconf 89' lang='lat' dir='ltr'><strong>iussitque</strong></span> <span class='ocrx_word' id='word_1_24' title='bbox 1011 831 1044 890; x_wconf 94' lang='lat' dir='ltr'><strong>ut</strong></span> <span class='ocrx_word' id='word_1_25' title='bbox 1063 827 1146 907; x_wconf 91' lang='lat' dir='ltr'><strong>large</strong></span> <span class='ocrx_word' id='word_1_26' title='bbox 1162 827 1340 908; x_wconf 91' lang='lat' dir='ltr'><strong>expendens</strong></span> <span class='ocrx_word' id='word_1_27' title='bbox 1355 827 1468 889; x_wconf 88' lang='lat' dir='ltr'><strong>lamam</strong></span> 
     </span>
     <span class='ocr_line' id='line_1_5' title="bbox 402 915 1470 996; baseline -0.003 -15"><span class='ocrx_word' id='word_1_28' title='bbox 402 917 461 981; x_wconf 92' lang='lat' dir='ltr'>sibi</span> <span class='ocrx_word' id='word_1_29' title='bbox 489 922 518 980; x_wconf 91' lang='lat' dir='ltr'><strong>et</strong></span> <span class='ocrx_word' id='word_1_30' title='bbox 547 917 663 980; x_wconf 91' lang='lat' dir='ltr'><strong>amicos</strong></span> <span class='ocrx_word' id='word_1_31' title='bbox 693 915 807 980; x_wconf 92' lang='lat' dir='ltr'><strong>divitiis</strong></span> <span class='ocrx_word' id='word_1_32' title='bbox 837 920 1035 996; x_wconf 86' lang='lat' dir='ltr'><strong>compararet</strong></span> <span class='ocrx_word' id='word_1_33' title='bbox 1081 917 1148 996; x_wconf 86' lang='lat' dir='ltr'><strong>lpse</strong></span> <span class='ocrx_word' id='word_1_34' title='bbox 1175 934 1249 980; x_wconf 92' lang='lat' dir='ltr'><strong>vero</strong></span> <span class='ocrx_word' id='word_1_35' title='bbox 1280 934 1317 978; x_wconf 93' lang='lat' dir='ltr'><strong>ex</strong></span> <span class='ocrx_word' id='word_1_36' title='bbox 1349 916 1470 978; x_wconf 92' lang='lat' dir='ltr'><strong>licentia</strong></span> 
     </span>
     <span class='ocr_line' id='line_1_6' title="bbox 403 1001 1468 1086; baseline -0.002 -18"><span class='ocrx_word' id='word_1_37' title='bbox 403 1006 536 1086; x_wconf 90' lang='lat' dir='ltr'><strong>paternis</strong></span> <span class='ocrx_word' id='word_1_38' title='bbox 569 1005 743 1070; x_wconf 78' lang='lat' dir='ltr'><strong>fiducialius</strong></span> <span class='ocrx_word' id='word_1_39' title='bbox 780 1005 956 1085; x_wconf 89' lang='lat' dir='ltr'><strong>largiusque</strong></span> <span class='ocrx_word' id='word_1_40' title='bbox 986 1001 1075 1068; x_wconf 84' lang='lat' dir='ltr'><strong>utens</strong></span> <span class='ocrx_word' id='word_1_41' title='bbox 1106 1005 1207 1082; x_wconf 89' lang='lat' dir='ltr'><strong>rebus,</strong></span> <span class='ocrx_word' id='word_1_42' title='bbox 1239 1022 1345 1085; x_wconf 91' lang='lat' dir='ltr'><strong>equos,</strong></span> <span class='ocrx_word' id='word_1_43' title='bbox 1375 1022 1468 1082; x_wconf 89' lang='lat' dir='ltr'><strong>arma,</strong></span> 
     </span>
     <span class='ocr_line' id='line_1_7' title="bbox 402 1093 1469 1174; baseline -0.003 -17"><span class='ocrx_word' id='word_1_44' title='bbox 402 1099 499 1158; x_wconf 89' lang='lat' dir='ltr'><strong>vestes</strong></span> <span class='ocrx_word' id='word_1_45' title='bbox 533 1098 700 1174; x_wconf 91' lang='lat' dir='ltr'><strong>ceteraque,</strong></span> <span class='ocrx_word' id='word_1_46' title='bbox 735 1094 849 1174; x_wconf 93' lang='lat' dir='ltr'><strong>quibus</strong></span> <span class='ocrx_word' id='word_1_47' title='bbox 884 1094 982 1173; x_wconf 88' lang='lat' dir='ltr'><strong>magis</strong></span> <span class='ocrx_word' id='word_1_48' title='bbox 1012 1093 1240 1157; x_wconf 81' lang='lat' dir='ltr'><strong>adolescentum</strong></span> <span class='ocrx_word' id='word_1_49' title='bbox 1272 1098 1335 1156; x_wconf 89' lang='lat' dir='ltr'><strong>etas</strong></span> <span class='ocrx_word' id='word_1_50' title='bbox 1365 1093 1469 1157; x_wconf 78' lang='lat' dir='ltr'><strong>extolli</strong></span> 
     </span>
     <span class='ocr_line' id='line_1_8' title="bbox 402 1182 1470 1264; baseline -0.002 -18"><span class='ocrx_word' id='word_1_51' title='bbox 402 1183 606 1264; x_wconf 84' lang='lat' dir='ltr'><strong>delectarique</strong></span> <span class='ocrx_word' id='word_1_52' title='bbox 627 1183 712 1259; x_wconf 92' lang='lat' dir='ltr'><strong>solet,</strong></span> <span class='ocrx_word' id='word_1_53' title='bbox 736 1182 852 1246; x_wconf 88' lang='lat' dir='ltr'><strong>studuit</strong></span> <span class='ocrx_word' id='word_1_54' title='bbox 874 1201 1060 1263; x_wconf 90' lang='lat' dir='ltr'><strong>comparare,</strong></span> <span class='ocrx_word' id='word_1_55' title='bbox 1083 1183 1200 1246; x_wconf 90' lang='lat' dir='ltr'><strong>amicos</strong></span> <span class='ocrx_word' id='word_1_56' title='bbox 1224 1183 1338 1246; x_wconf 90' lang='lat' dir='ltr'><strong>multos</strong></span> <span class='ocrx_word' id='word_1_57' title='bbox 1361 1200 1470 1245; x_wconf 92' lang='lat' dir='ltr'><strong>mune·</strong></span> 
     </span>
     <span class='ocr_line' id='line_1_9' title="bbox 347 1271 1468 1352; baseline -0.006 -13"><span class='ocrx_word' id='word_1_58' title='bbox 347 1292 375 1339; x_wconf 82' lang='lat' dir='ltr'><strong>aa</strong></span> <span class='ocrx_word' id='word_1_59' title='bbox 402 1271 488 1336; x_wconf 89' lang='lat' dir='ltr'><strong>ribus</strong></span> <span class='ocrx_word' id='word_1_60' title='bbox 511 1290 617 1336; x_wconf 91' lang='lat' dir='ltr'><strong>emens</strong></span> <span class='ocrx_word' id='word_1_61' title='bbox 640 1271 726 1335; x_wconf 84' lang='lat' dir='ltr'><strong>lacile</strong></span> <span class='ocrx_word' id='word_1_62' title='bbox 749 1276 820 1352; x_wconf 93' lang='lat' dir='ltr'><strong>post</strong></span> <span class='ocrx_word' id='word_1_63' title='bbox 842 1290 971 1334; x_wconf 87' lang='lat' dir='ltr'><strong>munera</strong></span> <span class='ocrx_word' id='word_1_64' title='bbox 992 1272 1032 1334; x_wconf 89' lang='lat' dir='ltr'><strong>ab</strong></span> <span class='ocrx_word' id='word_1_65' title='bbox 1055 1271 1186 1334; x_wconf 90' lang='lat' dir='ltr'><strong>amicitia</strong></span> <span class='ocrx_word' id='word_1_66' title='bbox 1209 1289 1392 1335; x_wconf 80' lang='lat' dir='ltr'><strong>recessuros.</strong></span> <span class='ocrx_word' id='word_1_67' title='bbox 1435 1272 1468 1333; x_wconf 92' lang='lat' dir='ltr'><strong>ln</strong></span> 
     </span>
     <span class='ocr_line' id='line_1_10' title="bbox 402 1360 1469 1442; baseline -0.003 -18"><span class='ocrx_word' id='word_1_68' title='bbox 402 1361 487 1424; x_wconf 89' lang='lat' dir='ltr'><strong>brevi</strong></span> <span class='ocrx_word' id='word_1_69' title='bbox 503 1379 578 1440; x_wconf 88' lang='lat' dir='ltr'><strong>ergo</strong></span> <span class='ocrx_word' id='word_1_70' title='bbox 590 1365 727 1442; x_wconf 91' lang='lat' dir='ltr'><strong>tempore</strong></span> <span class='ocrx_word' id='word_1_71' title='bbox 744 1360 854 1424; x_wconf 92' lang='lat' dir='ltr'><strong>loculis</strong></span> <span class='ocrx_word' id='word_1_72' title='bbox 869 1361 962 1441; x_wconf 88' lang='lat' dir='ltr'><strong>patris</strong></span> <span class='ocrx_word' id='word_1_73' title='bbox 973 1360 1126 1423; x_wconf 86' lang='lat' dir='ltr'><strong>exhaustis</strong></span> <span class='ocrx_word' id='word_1_74' title='bbox 1142 1361 1281 1440; x_wconf 91' lang='lat' dir='ltr'><strong>pecunia,</strong></span> <span class='ocrx_word' id='word_1_75' title='bbox 1297 1360 1336 1422; x_wconf 91' lang='lat' dir='ltr'><strong>ad</strong></span> <span class='ocrx_word' id='word_1_76' title='bbox 1353 1364 1469 1440; x_wconf 89' lang='lat' dir='ltr'><strong>patrem</strong></span> 
     </span>
     <span class='ocr_line' id='line_1_11' title="bbox 402 1449 1471 1530; baseline -0.002 -18"><span class='ocrx_word' id='word_1_77' title='bbox 402 1449 480 1512; x_wconf 90' lang='lat' dir='ltr'><strong>redit</strong></span> <span class='ocrx_word' id='word_1_78' title='bbox 502 1449 615 1527; x_wconf 91' lang='lat' dir='ltr'><strong>dicens,</strong></span> <span class='ocrx_word' id='word_1_79' title='bbox 648 1449 705 1512; x_wconf 89' lang='lat' dir='ltr'><strong>sibi</strong></span> <span class='ocrx_word' id='word_1_80' title='bbox 735 1450 880 1530; x_wconf 87' lang='lat' dir='ltr'><strong>pecunias</strong></span> <span class='ocrx_word' id='word_1_81' title='bbox 908 1449 1065 1512; x_wconf 84' lang='lat' dir='ltr'><strong>defecisse.</strong></span> <span class='ocrx_word' id='word_1_82' title='bbox 1112 1449 1200 1512; x_wconf 83' lang='lat' dir='ltr'><strong>Tunc</strong></span> <span class='ocrx_word' id='word_1_83' title='bbox 1230 1449 1356 1511; x_wconf 93' lang='lat' dir='ltr'><strong>demum</strong></span> <span class='ocrx_word' id='word_1_84' title='bbox 1386 1452 1471 1529; x_wconf 90' lang='lat' dir='ltr'><strong>pater</strong></span> 
     </span>
     <span class='ocr_line' id='line_1_12' title="bbox 403 1537 1470 1618; baseline -0.002 -18"><span class='ocrx_word' id='word_1_85' title='bbox 403 1539 572 1618; x_wconf 83' lang='lat' dir='ltr'><strong>recogitans</strong></span> <span class='ocrx_word' id='word_1_86' title='bbox 595 1556 699 1602; x_wconf 93' lang='lat' dir='ltr'><strong>secum</strong></span> <span class='ocrx_word' id='word_1_87' title='bbox 723 1539 926 1618; x_wconf 91' lang='lat' dir='ltr'><strong>penitensque</strong></span> <span class='ocrx_word' id='word_1_88' title='bbox 941 1538 1022 1601; x_wconf 87' lang='lat' dir='ltr'><strong>iacti:</strong></span> <span class='ocrx_word' id='word_1_89' title='bbox 1047 1537 1216 1615; x_wconf 88' lang='lat' dir='ltr'><strong>Quoniam,</strong></span> <span class='ocrx_word' id='word_1_90' title='bbox 1240 1538 1347 1618; x_wconf 90' lang='lat' dir='ltr'><strong>inquit,</strong></span> <span class='ocrx_word' id='word_1_91' title='bbox 1370 1542 1399 1600; x_wconf 91' lang='lat' dir='ltr'><strong>te</strong></span> <span class='ocrx_word' id='word_1_92' title='bbox 1423 1537 1470 1599; x_wconf 88' lang='lat' dir='ltr'><strong>tili</strong></span> 
     </span>
     <span class='ocr_line' id='line_1_13' title="bbox 403 1625 1470 1707; baseline -0.001 -18"><span class='ocrx_word' id='word_1_93' title='bbox 403 1628 495 1690; x_wconf 90' lang='lat' dir='ltr'><strong>nimis</strong></span> <span class='ocrx_word' id='word_1_94' title='bbox 522 1631 551 1690; x_wconf 90' lang='lat' dir='ltr'><strong>et</strong></span> <span class='ocrx_word' id='word_1_95' title='bbox 580 1627 669 1690; x_wconf 89' lang='lat' dir='ltr'><strong>stulte</strong></span> <span class='ocrx_word' id='word_1_96' title='bbox 696 1627 796 1703; x_wconf 87' lang='lat' dir='ltr'><strong>dilexi,</strong></span> <span class='ocrx_word' id='word_1_97' title='bbox 828 1625 976 1707; x_wconf 92' lang='lat' dir='ltr'><strong>quicquid</strong></span> <span class='ocrx_word' id='word_1_98' title='bbox 1007 1626 1159 1689; x_wconf 90' lang='lat' dir='ltr'><strong>habebam</strong></span> <span class='ocrx_word' id='word_1_99' title='bbox 1190 1631 1241 1689; x_wconf 92' lang='lat' dir='ltr'><strong>tue</strong></span> <span class='ocrx_word' id='word_1_100' title='bbox 1269 1625 1470 1689; x_wconf 90' lang='lat' dir='ltr'><strong>subdideram</strong></span> 
     </span>
     <span class='ocr_line' id='line_1_14' title="bbox 348 1715 1471 1797; baseline -0.007 -13"><span class='ocrx_word' id='word_1_101' title='bbox 348 1737 376 1784; x_wconf 87' lang='lat' dir='ltr'><strong>eo</strong></span> <span class='ocrx_word' id='word_1_102' title='bbox 403 1716 549 1797; x_wconf 86' lang='lat' dir='ltr'><strong>potestati,</strong></span> <span class='ocrx_word' id='word_1_103' title='bbox 584 1720 613 1778; x_wconf 89' lang='lat' dir='ltr'><strong>at</strong></span> <span class='ocrx_word' id='word_1_104' title='bbox 642 1721 675 1778; x_wconf 92' lang='lat' dir='ltr'><strong>tu</strong></span> <span class='ocrx_word' id='word_1_105' title='bbox 706 1734 834 1780; x_wconf 91' lang='lat' dir='ltr'><strong>cernens</strong></span> <span class='ocrx_word' id='word_1_106' title='bbox 865 1716 987 1778; x_wconf 82' lang='lat' dir='ltr'><strong>frenum</strong></span> <span class='ocrx_word' id='word_1_107' title='bbox 1022 1715 1077 1778; x_wconf 91' lang='lat' dir='ltr'><strong>tibi</strong></span> <span class='ocrx_word' id='word_1_108' title='bbox 1108 1715 1239 1777; x_wconf 89' lang='lat' dir='ltr'><strong>laxatum</strong></span> <span class='ocrx_word' id='word_1_109' title='bbox 1270 1715 1471 1795; x_wconf 89' lang='lat' dir='ltr'><strong>temperantie</strong></span> 
     </span>
     <span class='ocr_line' id='line_1_15' title="bbox 403 1803 1470 1884; baseline -0.002 -18"><span class='ocrx_word' id='word_1_110' title='bbox 403 1805 567 1869; x_wconf 90' lang='lat' dir='ltr'><strong>immemor</strong></span> <span class='ocrx_word' id='word_1_111' title='bbox 583 1805 622 1867; x_wconf 87' lang='lat' dir='ltr'><strong>ita</strong></span> <span class='ocrx_word' id='word_1_112' title='bbox 637 1805 742 1868; x_wconf 91' lang='lat' dir='ltr'><strong>omnia</strong></span> <span class='ocrx_word' id='word_1_113' title='bbox 758 1803 983 1884; x_wconf 88' lang='lat' dir='ltr'><strong>consumpsisti,</strong></span> <span class='ocrx_word' id='word_1_114' title='bbox 1000 1809 1033 1866; x_wconf 90' lang='lat' dir='ltr'><strong>ut</strong></span> <span class='ocrx_word' id='word_1_115' title='bbox 1044 1804 1137 1866; x_wconf 89' lang='lat' dir='ltr'><strong>nichil</strong></span> <span class='ocrx_word' id='word_1_116' title='bbox 1154 1804 1247 1867; x_wconf 91' lang='lat' dir='ltr'><strong>michi</strong></span> <span class='ocrx_word' id='word_1_117' title='bbox 1259 1808 1360 1884; x_wconf 91' lang='lat' dir='ltr'><strong>preter</strong></span> <span class='ocrx_word' id='word_1_118' title='bbox 1370 1803 1470 1867; x_wconf 87' lang='lat' dir='ltr'><strong>solam</strong></span> 
     </span>
     <span class='ocr_line' id='line_1_16' title="bbox 404 1892 1472 1973; baseline 0 -17"><span class='ocrx_word' id='word_1_119' title='bbox 404 1893 534 1958; x_wconf 94' lang='lat' dir='ltr'><strong>domum</strong></span> <span class='ocrx_word' id='word_1_120' title='bbox 558 1894 726 1973; x_wconf 90' lang='lat' dir='ltr'><strong>reliqueris.</strong></span> <span class='ocrx_word' id='word_1_121' title='bbox 773 1893 860 1968; x_wconf 93' lang='lat' dir='ltr'><strong>Quid</strong></span> <span class='ocrx_word' id='word_1_122' title='bbox 887 1911 963 1973; x_wconf 91' lang='lat' dir='ltr'><strong>ergo</strong></span> <span class='ocrx_word' id='word_1_123' title='bbox 986 1893 1040 1955; x_wconf 92' lang='lat' dir='ltr'><strong>tibi</strong></span> <span class='ocrx_word' id='word_1_124' title='bbox 1068 1893 1167 1972; x_wconf 89' lang='lat' dir='ltr'><strong>magis</strong></span> <span class='ocrx_word' id='word_1_125' title='bbox 1189 1892 1320 1956; x_wconf 85' lang='lat' dir='ltr'><strong>faciam?</strong></span> <span class='ocrx_word' id='word_1_126' title='bbox 1368 1892 1472 1956; x_wconf 91' lang='lat' dir='ltr'><strong>Doleo</strong></span> 
     </span>
     <span class='ocr_line' id='line_1_17' title="bbox 404 1981 1472 2064; baseline -0.002 -18"><span class='ocrx_word' id='word_1_127' title='bbox 404 1983 539 2063; x_wconf 93' lang='lat' dir='ltr'><strong>quidem,</strong></span> <span class='ocrx_word' id='word_1_128' title='bbox 564 1982 650 2064; x_wconf 92' lang='lat' dir='ltr'><strong>quod</strong></span> <span class='ocrx_word' id='word_1_129' title='bbox 674 1983 755 2046; x_wconf 88' lang='lat' dir='ltr'><strong>lama</strong></span> <span class='ocrx_word' id='word_1_130' title='bbox 778 1999 956 2062; x_wconf 90' lang='lat' dir='ltr'><strong>nomenque</strong></span> <span class='ocrx_word' id='word_1_131' title='bbox 971 1986 1053 2044; x_wconf 90' lang='lat' dir='ltr'><strong>tuam</strong></span> <span class='ocrx_word' id='word_1_132' title='bbox 1077 1982 1109 2044; x_wconf 92' lang='lat' dir='ltr'><strong>in</strong></span> <span class='ocrx_word' id='word_1_133' title='bbox 1133 1981 1212 2045; x_wconf 85' lang='lat' dir='ltr'><strong>flore</strong></span> <span class='ocrx_word' id='word_1_134' title='bbox 1235 1982 1399 2044; x_wconf 91' lang='lat' dir='ltr'><strong>iuventutis</strong></span> <span class='ocrx_word' id='word_1_135' title='bbox 1420 1986 1472 2044; x_wconf 90' lang='lat' dir='ltr'><strong>tue</strong></span> 
     </span>
     <span class='ocr_line' id='line_1_18' title="bbox 405 2070 1472 2154; baseline -0.003 -19"><span class='ocrx_word' id='word_1_136' title='bbox 405 2071 534 2154; x_wconf 72' lang='lat' dir='ltr'><strong>deperit,</strong></span> <span class='ocrx_word' id='word_1_137' title='bbox 564 2071 618 2136; x_wconf 89' lang='lat' dir='ltr'><strong>sed</strong></span> <span class='ocrx_word' id='word_1_138' title='bbox 652 2072 735 2135; x_wconf 92' lang='lat' dir='ltr'><strong>unde</strong></span> <span class='ocrx_word' id='word_1_139' title='bbox 762 2075 791 2134; x_wconf 94' lang='lat' dir='ltr'><strong>te</strong></span> <span class='ocrx_word' id='word_1_140' title='bbox 821 2075 988 2135; x_wconf 87' lang='lat' dir='ltr'><strong>sustentem</strong></span> <span class='ocrx_word' id='word_1_141' title='bbox 1012 2088 1075 2133; x_wconf 91' lang='lat' dir='ltr'><strong>non</strong></span> <span class='ocrx_word' id='word_1_142' title='bbox 1106 2070 1214 2134; x_wconf 90' lang='lat' dir='ltr'><strong>habeo.</strong></span> <span class='ocrx_word' id='word_1_143' title='bbox 1261 2071 1332 2134; x_wconf 83' lang='lat' dir='ltr'><strong>Hoc</strong></span> <span class='ocrx_word' id='word_1_144' title='bbox 1353 2075 1472 2133; x_wconf 90' lang='lat' dir='ltr'><strong>tantum</strong></span> 
     </span>
     <span class='ocr_line' id='line_1_19' title="bbox 350 2159 1473 2240; baseline -0.004 -14"><span class='ocrx_word' id='word_1_145' title='bbox 350 2179 378 2226; x_wconf 81' lang='lat' dir='ltr'><strong>uo</strong></span> <span class='ocrx_word' id='word_1_146' title='bbox 405 2178 503 2223; x_wconf 93' lang='lat' dir='ltr'><strong>unum</strong></span> <span class='ocrx_word' id='word_1_147' title='bbox 527 2164 666 2240; x_wconf 85' lang='lat' dir='ltr'><strong>superest</strong></span> <span class='ocrx_word' id='word_1_148' title='bbox 688 2160 817 2238; x_wconf 92' lang='lat' dir='ltr'><strong>consilii,</strong></span> <span class='ocrx_word' id='word_1_149' title='bbox 845 2160 900 2223; x_wconf 94' lang='lat' dir='ltr'><strong>sed</strong></span> <span class='ocrx_word' id='word_1_150' title='bbox 924 2160 1141 2240; x_wconf 91' lang='lat' dir='ltr'><strong>periculosum,</strong></span> <span class='ocrx_word' id='word_1_151' title='bbox 1172 2163 1207 2221; x_wconf 92' lang='lat' dir='ltr'><strong>ut</strong></span> <span class='ocrx_word' id='word_1_152' title='bbox 1229 2159 1254 2222; x_wconf 91' lang='lat' dir='ltr'><strong>si</strong></span> <span class='ocrx_word' id='word_1_153' title='bbox 1279 2177 1314 2222; x_wconf 88' lang='lat' dir='ltr'><strong>ea</strong></span> <span class='ocrx_word' id='word_1_154' title='bbox 1336 2159 1473 2238; x_wconf 89' lang='lat' dir='ltr'><strong>largitate</strong></span> 
     </span>
     <span class='ocr_line' id='line_1_20' title="bbox 405 2248 1472 2328; baseline -0.002 -17"><span class='ocrx_word' id='word_1_155' title='bbox 405 2267 467 2328; x_wconf 93' lang='lat' dir='ltr'><strong>qua</strong></span> <span class='ocrx_word' id='word_1_156' title='bbox 490 2249 575 2328; x_wconf 91' lang='lat' dir='ltr'><strong>prius</strong></span> <span class='ocrx_word' id='word_1_157' title='bbox 591 2249 693 2311; x_wconf 92' lang='lat' dir='ltr'><strong>vivere</strong></span> <span class='ocrx_word' id='word_1_158' title='bbox 708 2249 762 2326; x_wconf 90' lang='lat' dir='ltr'><strong>vis,</strong></span> <span class='ocrx_word' id='word_1_159' title='bbox 786 2249 893 2311; x_wconf 93' lang='lat' dir='ltr'><strong>turrim</strong></span> <span class='ocrx_word' id='word_1_160' title='bbox 912 2249 1020 2328; x_wconf 91' lang='lat' dir='ltr'><strong>inqua</strong></span> <span class='ocrx_word' id='word_1_161' title='bbox 1040 2248 1120 2327; x_wconf 92' lang='lat' dir='ltr'><strong>regis</strong></span> <span class='ocrx_word' id='word_1_162' title='bbox 1136 2248 1227 2328; x_wconf 92' lang='lat' dir='ltr'><strong>positi</strong></span> <span class='ocrx_word' id='word_1_163' title='bbox 1243 2253 1316 2310; x_wconf 92' lang='lat' dir='ltr'><strong>sunt</strong></span> <span class='ocrx_word' id='word_1_164' title='bbox 1329 2248 1472 2323; x_wconf 88' lang='lat' dir='ltr'><strong>thesauri,</strong></span> 
     </span>
     <span class='ocr_line' id='line_1_21' title="bbox 404 2336 1473 2415; baseline -0.002 -15"><span class='ocrx_word' id='word_1_165' title='bbox 404 2338 464 2400; x_wconf 93' lang='lat' dir='ltr'><strong>sub</strong></span> <span class='ocrx_word' id='word_1_166' title='bbox 487 2355 596 2400; x_wconf 90' lang='lat' dir='ltr'><strong>oscure</strong></span> <span class='ocrx_word' id='word_1_167' title='bbox 620 2338 717 2400; x_wconf 88' lang='lat' dir='ltr'><strong>noctis</strong></span> <span class='ocrx_word' id='word_1_168' title='bbox 740 2337 869 2415; x_wconf 90' lang='lat' dir='ltr'><strong>silentio,</strong></span> <span class='ocrx_word' id='word_1_169' title='bbox 893 2337 919 2400; x_wconf 92' lang='lat' dir='ltr'><strong>si</strong></span> <span class='ocrx_word' id='word_1_170' title='bbox 942 2336 1064 2415; x_wconf 88' lang='lat' dir='ltr'><strong>audeas,</strong></span> <span class='ocrx_word' id='word_1_171' title='bbox 1087 2336 1242 2399; x_wconf 89' lang='lat' dir='ltr'><strong>adeamus.</strong></span> <span class='ocrx_word' id='word_1_172' title='bbox 1272 2337 1387 2400; x_wconf 84' lang='lat' dir='ltr'><strong>Audito</strong></span> <span class='ocrx_word' id='word_1_173' title='bbox 1411 2336 1473 2399; x_wconf 91' lang='lat' dir='ltr'><strong>hoc</strong></span> 
     </span>
     <span class='ocr_line' id='line_1_22' title="bbox 405 2425 1471 2506; baseline 0 -19"><span class='ocrx_word' id='word_1_174' title='bbox 405 2425 501 2488; x_wconf 88' lang='lat' dir='ltr'><strong>filius:</strong></span> <span class='ocrx_word' id='word_1_175' title='bbox 526 2425 664 2504; x_wconf 90' lang='lat' dir='ltr'><strong>Nullum,</strong></span> <span class='ocrx_word' id='word_1_176' title='bbox 687 2426 734 2504; x_wconf 89' lang='lat' dir='ltr'><strong>ait,</strong></span> <span class='ocrx_word' id='word_1_177' title='bbox 760 2430 844 2506; x_wconf 89' lang='lat' dir='ltr'><strong>pater</strong></span> <span class='ocrx_word' id='word_1_178' title='bbox 866 2443 958 2505; x_wconf 89' lang='lat' dir='ltr'><strong>grave</strong></span> <span class='ocrx_word' id='word_1_179' title='bbox 982 2426 1049 2489; x_wconf 92' lang='lat' dir='ltr'><strong>lieet</strong></span> <span class='ocrx_word' id='word_1_180' title='bbox 1072 2430 1101 2487; x_wconf 93' lang='lat' dir='ltr'><strong>et</strong></span> <span class='ocrx_word' id='word_1_181' title='bbox 1124 2426 1342 2505; x_wconf 89' lang='lat' dir='ltr'><strong>periculosum,</strong></span> <span class='ocrx_word' id='word_1_182' title='bbox 1370 2430 1471 2488; x_wconf 92' lang='lat' dir='ltr'><strong>tecum</strong></span> 
     </span>
     <span class='ocr_line' id='line_1_23' title="bbox 405 2513 1473 2594; baseline -0.001 -16"><span class='ocrx_word' id='word_1_183' title='bbox 405 2515 509 2578; x_wconf 92' lang='lat' dir='ltr'><strong>subire</strong></span> <span class='ocrx_word' id='word_1_184' title='bbox 533 2514 661 2593; x_wconf 88' lang='lat' dir='ltr'><strong>refugio,</strong></span> <span class='ocrx_word' id='word_1_185' title='bbox 693 2519 809 2577; x_wconf 89' lang='lat' dir='ltr'><strong>tantum</strong></span> <span class='ocrx_word' id='word_1_186' title='bbox 839 2533 877 2577; x_wconf 92' lang='lat' dir='ltr'><strong>ne</strong></span> <span class='ocrx_word' id='word_1_187' title='bbox 901 2515 1002 2577; x_wconf 86' lang='lat' dir='ltr'><strong>desint</strong></span> <span class='ocrx_word' id='word_1_188' title='bbox 1028 2513 1140 2592; x_wconf 91' lang='lat' dir='ltr'><strong>divitie,</strong></span> <span class='ocrx_word' id='word_1_189' title='bbox 1174 2514 1278 2594; x_wconf 75' lang='lat'><strong>[151⁰]</strong></span> <span class='ocrx_word' id='word_1_190' title='bbox 1310 2533 1348 2577; x_wconf 90' lang='lat' dir='ltr'><strong>ne</strong></span> <span class='ocrx_word' id='word_1_191' title='bbox 1371 2515 1396 2576; x_wconf 93' lang='lat' dir='ltr'><strong>si</strong></span> <span class='ocrx_word' id='word_1_192' title='bbox 1421 2514 1473 2577; x_wconf 91' lang='lat' dir='ltr'><strong>ille</strong></span> 
     </span>
     <span class='ocr_line' id='line_1_24' title="bbox 350 2603 1472 2683; baseline -0.004 -14"><span class='ocrx_word' id='word_1_193' title='bbox 350 2623 378 2669; x_wconf 80' lang='lat' dir='ltr'><strong>ro</strong></span> <span class='ocrx_word' id='word_1_194' title='bbox 405 2603 569 2666; x_wconf 82' lang='lat' dir='ltr'><strong>defecerint</strong></span> <span class='ocrx_word' id='word_1_195' title='bbox 592 2603 728 2666; x_wconf 90' lang='lat' dir='ltr'><strong>nominis</strong></span> <span class='ocrx_word' id='word_1_196' title='bbox 752 2621 878 2683; x_wconf 91' lang='lat' dir='ltr'><strong>quoque</strong></span> <span class='ocrx_word' id='word_1_197' title='bbox 902 2604 962 2666; x_wconf 93' lang='lat' dir='ltr'><strong>mei</strong></span> <span class='ocrx_word' id='word_1_198' title='bbox 986 2603 1082 2683; x_wconf 89' lang='lat' dir='ltr'><strong>gratia</strong></span> <span class='ocrx_word' id='word_1_199' title='bbox 1104 2608 1270 2666; x_wconf 85' lang='lat' dir='ltr'><strong>evanescat</strong></span> <span class='ocrx_word' id='word_1_200' title='bbox 1314 2604 1374 2666; x_wconf 83' lang='lat' dir='ltr'><strong>Hic</strong></span> <span class='ocrx_word' id='word_1_201' title='bbox 1397 2620 1472 2680; x_wconf 91' lang='lat' dir='ltr'><strong>non,</strong></span> 
     </span>
     <span class='ocr_line' id='line_1_25' title="bbox 406 2692 1472 2773; baseline -0.002 -18"><span class='ocrx_word' id='word_1_202' title='bbox 406 2710 426 2755; x_wconf 94' lang='lat' dir='ltr'><strong>o</strong></span> <span class='ocrx_word' id='word_1_203' title='bbox 450 2710 510 2770; x_wconf 91' lang='lat' dir='ltr'><strong>rex,</strong></span> <span class='ocrx_word' id='word_1_204' title='bbox 540 2710 558 2754; x_wconf 93' lang='lat' dir='ltr'><strong>a</strong></span> <span class='ocrx_word' id='word_1_205' title='bbox 585 2692 693 2754; x_wconf 90' lang='lat' dir='ltr'><strong>virtute</strong></span> <span class='ocrx_word' id='word_1_206' title='bbox 720 2692 869 2773; x_wconf 90' lang='lat' dir='ltr'><strong>sperabat,</strong></span> <span class='ocrx_word' id='word_1_207' title='bbox 901 2692 1040 2772; x_wconf 85' lang='lat' dir='ltr'><strong>gloriam,</strong></span> <span class='ocrx_word' id='word_1_208' title='bbox 1071 2692 1125 2770; x_wconf 93' lang='lat' dir='ltr'><strong>qui</strong></span> <span class='ocrx_word' id='word_1_209' title='bbox 1156 2710 1223 2754; x_wconf 90' lang='lat' dir='ltr'><strong>eam</strong></span> <span class='ocrx_word' id='word_1_210' title='bbox 1255 2693 1393 2772; x_wconf 89' lang='lat' dir='ltr'><strong>pecuniis</strong></span> <span class='ocrx_word' id='word_1_211' title='bbox 1423 2693 1472 2754; x_wconf 93' lang='lat' dir='ltr'><strong>vel</strong></span> 
     </span>
     <span class='ocr_line' id='line_1_26' title="bbox 406 2780 1471 2862; baseline 0.001 -20"><span class='ocrx_word' id='word_1_212' title='bbox 406 2781 493 2844; x_wconf 82' lang='lat' dir='ltr'><strong>furtis</strong></span> <span class='ocrx_word' id='word_1_213' title='bbox 524 2784 678 2862; x_wconf 88' lang='lat' dir='ltr'><strong>putaverat</strong></span> <span class='ocrx_word' id='word_1_214' title='bbox 705 2781 852 2844; x_wconf 89' lang='lat' dir='ltr'><strong>obtinere.</strong></span> <span class='ocrx_word' id='word_1_215' title='bbox 899 2781 1102 2860; x_wconf 85' lang='lat' dir='ltr'><strong>Consurgunt</strong></span> <span class='ocrx_word' id='word_1_216' title='bbox 1132 2780 1223 2860; x_wconf 90' lang='lat' dir='ltr'><strong>igitur</strong></span> <span class='ocrx_word' id='word_1_217' title='bbox 1250 2782 1345 2845; x_wconf 87' lang='lat' dir='ltr'><strong>ambo</strong></span> <span class='ocrx_word' id='word_1_218' title='bbox 1373 2785 1471 2857; x_wconf 89' lang='lat' dir='ltr'><strong>nocte,</strong></span> 
     </span>
     <span class='ocr_line' id='line_1_27' title="bbox 406 2869 1473 2951; baseline -0.001 -19"><span class='ocrx_word' id='word_1_219' title='bbox 406 2869 513 2932; x_wconf 89' lang='lat' dir='ltr'><strong>turrim</strong></span> <span class='ocrx_word' id='word_1_220' title='bbox 530 2869 672 2946; x_wconf 77' lang='lat' dir='ltr'><strong>addeunt</strong></span> <span class='ocrx_word' id='word_1_221' title='bbox 697 2870 853 2951; x_wconf 84' lang='lat' dir='ltr'><strong>perforant</strong></span> <span class='ocrx_word' id='word_1_222' title='bbox 869 2870 985 2933; x_wconf 93' lang='lat' dir='ltr'><strong>malleis</strong></span> <span class='ocrx_word' id='word_1_223' title='bbox 1001 2869 1107 2932; x_wconf 85' lang='lat' dir='ltr'><strong>terreis</strong></span> <span class='ocrx_word' id='word_1_224' title='bbox 1122 2887 1255 2946; x_wconf 92' lang='lat' dir='ltr'><strong>murum,</strong></span> <span class='ocrx_word' id='word_1_225' title='bbox 1276 2870 1365 2932; x_wconf 88' lang='lat' dir='ltr'><strong>intrat</strong></span> <span class='ocrx_word' id='word_1_226' title='bbox 1380 2874 1473 2950; x_wconf 90' lang='lat' dir='ltr'><strong>pater,</strong></span> 
     </span>
     <span class='ocr_line' id='line_1_28' title="bbox 406 2959 1473 3039; baseline -0.001 -17"><span class='ocrx_word' id='word_1_227' title='bbox 406 2959 589 3038; x_wconf 87' lang='lat' dir='ltr'><strong>sublatoque</strong></span> <span class='ocrx_word' id='word_1_228' title='bbox 617 2964 766 3038; x_wconf 89' lang='lat' dir='ltr'><strong>quantum</strong></span> <span class='ocrx_word' id='word_1_229' title='bbox 795 2959 907 3039; x_wconf 90' lang='lat' dir='ltr'><strong>placuit</strong></span> <span class='ocrx_word' id='word_1_230' title='bbox 937 2959 977 3022; x_wconf 92' lang='lat' dir='ltr'><strong>de</strong></span> <span class='ocrx_word' id='word_1_231' title='bbox 1006 2959 1158 3035; x_wconf 89' lang='lat' dir='ltr'><strong>thesauro,</strong></span> <span class='ocrx_word' id='word_1_232' title='bbox 1189 2959 1250 3021; x_wconf 92' lang='lat' dir='ltr'><strong>exit</strong></span> <span class='ocrx_word' id='word_1_233' title='bbox 1280 2959 1473 3038; x_wconf 89' lang='lat' dir='ltr'><strong>obstruitque</strong></span> 
     </span>
     <span class='ocr_line' id='line_1_29' title="bbox 352 3047 1474 3127; baseline -0.003 -14"><span class='ocrx_word' id='word_1_234' title='bbox 352 3066 379 3113; x_wconf 79' lang='lat' dir='ltr'><strong>u</strong></span> <span class='ocrx_word' id='word_1_235' title='bbox 407 3048 555 3112; x_wconf 85' lang='lat' dir='ltr'><strong>toramen.</strong></span> <span class='ocrx_word' id='word_1_236' title='bbox 602 3047 805 3117; x_wconf 85' lang='lat' dir='ltr'><strong>Revertuntur</strong></span> <span class='ocrx_word' id='word_1_237' title='bbox 838 3047 969 3111; x_wconf 93' lang='lat' dir='ltr'><strong>domum</strong></span> <span class='ocrx_word' id='word_1_238' title='bbox 1005 3047 1106 3111; x_wconf 91' lang='lat' dir='ltr'><strong>onusti</strong></span> <span class='ocrx_word' id='word_1_239' title='bbox 1141 3047 1255 3127; x_wconf 89' lang='lat' dir='ltr'><strong>opibus</strong></span> <span class='ocrx_word' id='word_1_240' title='bbox 1289 3048 1409 3125; x_wconf 91' lang='lat' dir='ltr'><strong>alienis,</strong></span> <span class='ocrx_word' id='word_1_241' title='bbox 1444 3052 1474 3110; x_wconf 93' lang='lat' dir='ltr'><strong>et</strong></span> 
     </span>
     <span class='ocr_line' id='line_1_30' title="bbox 408 3135 1472 3216; baseline -0.001 -18"><span class='ocrx_word' id='word_1_242' title='bbox 408 3137 527 3201; x_wconf 90' lang='lat' dir='ltr'><strong>iuvenis</strong></span> <span class='ocrx_word' id='word_1_243' title='bbox 550 3137 659 3199; x_wconf 90' lang='lat' dir='ltr'><strong>iterum</strong></span> <span class='ocrx_word' id='word_1_244' title='bbox 683 3155 739 3200; x_wconf 92' lang='lat' dir='ltr'><strong>sua</strong></span> <span class='ocrx_word' id='word_1_245' title='bbox 761 3137 855 3199; x_wconf 92' lang='lat' dir='ltr'><strong>utitur</strong></span> <span class='ocrx_word' id='word_1_246' title='bbox 877 3137 1020 3216; x_wconf 88' lang='lat' dir='ltr'><strong>largitate.</strong></span> <span class='ocrx_word' id='word_1_247' title='bbox 1066 3135 1338 3216; x_wconf 90' lang='lat' dir='ltr'><strong>Quandocumque</strong></span> <span class='ocrx_word' id='word_1_248' title='bbox 1361 3137 1472 3198; x_wconf 92' lang='lat' dir='ltr'><strong>iterum</strong></span> 
     </span>
     <span class='ocr_line' id='line_1_31' title="bbox 408 3225 1474 3306; baseline -0.002 -17"><span class='ocrx_word' id='word_1_249' title='bbox 408 3244 488 3306; x_wconf 93' lang='lat' dir='ltr'><strong>opus</strong></span> <span class='ocrx_word' id='word_1_250' title='bbox 511 3230 573 3289; x_wconf 92' lang='lat' dir='ltr'><strong>erat</strong></span> <span class='ocrx_word' id='word_1_251' title='bbox 595 3226 716 3306; x_wconf 89' lang='lat' dir='ltr'><strong>opibus,</strong></span> <span class='ocrx_word' id='word_1_252' title='bbox 746 3226 785 3288; x_wconf 89' lang='lat' dir='ltr'><strong>ad</strong></span> <span class='ocrx_word' id='word_1_253' title='bbox 809 3225 986 3289; x_wconf 88' lang='lat' dir='ltr'><strong>thesaurum</strong></span> <span class='ocrx_word' id='word_1_254' title='bbox 1015 3225 1073 3288; x_wconf 91' lang='lat' dir='ltr'><strong>sibi</strong></span> <span class='ocrx_word' id='word_1_255' title='bbox 1098 3229 1206 3287; x_wconf 93' lang='lat' dir='ltr'><strong>notum</strong></span> <span class='ocrx_word' id='word_1_256' title='bbox 1237 3225 1474 3288; x_wconf 84' lang='lat' dir='ltr'><strong>revertebantur.</strong></span> 
     </span>
     <span class='ocr_line' id='line_1_32' title="bbox 409 3314 1473 3394; baseline -0.001 -17"><span class='ocrx_word' id='word_1_257' title='bbox 409 3314 547 3394; x_wconf 91' lang='lat' dir='ltr'><strong>Contigit</strong></span> <span class='ocrx_word' id='word_1_258' title='bbox 583 3319 697 3392; x_wconf 91' lang='lat' dir='ltr'><strong>autem,</strong></span> <span class='ocrx_word' id='word_1_259' title='bbox 736 3319 770 3377; x_wconf 95' lang='lat' dir='ltr'><strong>ut</strong></span> <span class='ocrx_word' id='word_1_260' title='bbox 803 3333 855 3378; x_wconf 93' lang='lat' dir='ltr'><strong>rex</strong></span> <span class='ocrx_word' id='word_1_261' title='bbox 894 3315 1071 3378; x_wconf 92' lang='lat' dir='ltr'><strong>thesaurum</strong></span> <span class='ocrx_word' id='word_1_262' title='bbox 1106 3332 1196 3376; x_wconf 93' lang='lat' dir='ltr'><strong>suum</strong></span> <span class='ocrx_word' id='word_1_263' title='bbox 1232 3314 1337 3376; x_wconf 91' lang='lat' dir='ltr'><strong>videre</strong></span> <span class='ocrx_word' id='word_1_264' title='bbox 1369 3314 1473 3390; x_wconf 92' lang='lat' dir='ltr'><strong>vellet,</strong></span> 
     </span>
     <span class='ocr_line' id='line_1_33' title="bbox 408 3402 1473 3482; baseline 0 -18"><span class='ocrx_word' id='word_1_265' title='bbox 408 3403 615 3482; x_wconf 91' lang='lat' dir='ltr'><strong>accersitoque</strong></span> <span class='ocrx_word' id='word_1_266' title='bbox 638 3403 763 3466; x_wconf 92' lang='lat' dir='ltr'><strong>custode</strong></span> <span class='ocrx_word' id='word_1_267' title='bbox 787 3407 820 3466; x_wconf 93' lang='lat' dir='ltr'><strong>ut</strong></span> <span class='ocrx_word' id='word_1_268' title='bbox 848 3403 971 3466; x_wconf 90' lang='lat' dir='ltr'><strong>intraret</strong></span> <span class='ocrx_word' id='word_1_269' title='bbox 996 3402 1104 3465; x_wconf 94' lang='lat' dir='ltr'><strong>turrim</strong></span> <span class='ocrx_word' id='word_1_270' title='bbox 1127 3402 1306 3482; x_wconf 92' lang='lat' dir='ltr'><strong>videretque</strong></span> <span class='ocrx_word' id='word_1_271' title='bbox 1329 3420 1473 3482; x_wconf 87' lang='lat' dir='ltr'><strong>magnam</strong></span> 
     </span>
     <span class='ocr_line' id='line_1_34' title="bbox 354 3491 1475 3572; baseline -0.003 -17"><span class='ocrx_word' id='word_1_272' title='bbox 354 3508 381 3555; x_wconf 85' lang='lat' dir='ltr'><strong>no</strong></span> <span class='ocrx_word' id='word_1_273' title='bbox 407 3491 540 3553; x_wconf 91' lang='lat' dir='ltr'><strong>thesauri</strong></span> <span class='ocrx_word' id='word_1_274' title='bbox 564 3495 679 3571; x_wconf 90' lang='lat' dir='ltr'><strong>partem</strong></span> <span class='ocrx_word' id='word_1_275' title='bbox 703 3491 851 3556; x_wconf 90' lang='lat' dir='ltr'><strong>sublatam</strong></span> <span class='ocrx_word' id='word_1_276' title='bbox 876 3493 952 3556; x_wconf 89' lang='lat' dir='ltr'><strong>tore.</strong></span> <span class='ocrx_word' id='word_1_277' title='bbox 990 3493 1105 3554; x_wconf 86' lang='lat' dir='ltr'><strong>Furore</strong></span> <span class='ocrx_word' id='word_1_278' title='bbox 1120 3509 1196 3571; x_wconf 91' lang='lat' dir='ltr'><strong>ergo</strong></span> <span class='ocrx_word' id='word_1_279' title='bbox 1219 3491 1361 3572; x_wconf 90' lang='lat' dir='ltr'><strong>repletus,</strong></span> <span class='ocrx_word' id='word_1_280' title='bbox 1385 3491 1475 3554; x_wconf 92' lang='lat' dir='ltr'><strong>dissi-</strong></span> 
     </span>
     <span class='ocr_line' id='line_1_35' title="bbox 409 3579 1473 3660; baseline 0.001 -20"><span class='ocrx_word' id='word_1_281' title='bbox 409 3579 530 3642; x_wconf 91' lang='lat' dir='ltr'><strong>mulans</strong></span> <span class='ocrx_word' id='word_1_282' title='bbox 552 3583 662 3657; x_wconf 89' lang='lat' dir='ltr'><strong>tamen,</strong></span> <span class='ocrx_word' id='word_1_283' title='bbox 686 3581 847 3659; x_wconf 91' lang='lat' dir='ltr'><strong>egreditur,</strong></span> <span class='ocrx_word' id='word_1_284' title='bbox 876 3582 1021 3660; x_wconf 92' lang='lat' dir='ltr'><strong>venitque</strong></span> <span class='ocrx_word' id='word_1_285' title='bbox 1042 3580 1082 3643; x_wconf 92' lang='lat' dir='ltr'><strong>ad</strong></span> <span class='ocrx_word' id='word_1_286' title='bbox 1105 3580 1293 3660; x_wconf 91' lang='lat' dir='ltr'><strong>decrepitum</strong></span> <span class='ocrx_word' id='word_1_287' title='bbox 1317 3579 1473 3660; x_wconf 91' lang='lat' dir='ltr'><strong>quendam</strong></span> 
     </span>
     <span class='ocr_line' id='line_1_36' title="bbox 409 3668 1474 3748; baseline 0 -18"><span class='ocrx_word' id='word_1_288' title='bbox 409 3685 513 3730; x_wconf 91' lang='lat' dir='ltr'><strong>senem</strong></span> <span class='ocrx_word' id='word_1_289' title='bbox 542 3668 705 3730; x_wconf 92' lang='lat' dir='ltr'><strong>consilium</strong></span> <span class='ocrx_word' id='word_1_290' title='bbox 734 3669 917 3748; x_wconf 90' lang='lat' dir='ltr'><strong>quesiturus.</strong></span> <span class='ocrx_word' id='word_1_291' title='bbox 965 3671 1072 3733; x_wconf 82' lang='lat' dir='ltr'><strong>Fuerat</strong></span> <span class='ocrx_word' id='word_1_292' title='bbox 1101 3669 1151 3732; x_wconf 94' lang='lat' dir='ltr'><strong>hic</strong></span> <span class='ocrx_word' id='word_1_293' title='bbox 1180 3687 1274 3732; x_wconf 92' lang='lat' dir='ltr'><strong>senex</strong></span> <span class='ocrx_word' id='word_1_294' title='bbox 1304 3669 1474 3748; x_wconf 89' lang='lat' dir='ltr'><strong>aliquando</strong></span> 
     </span>
     <span class='ocr_line' id='line_1_37' title="bbox 409 3755 1474 3838; baseline 0.002 -21"><span class='ocrx_word' id='word_1_295' title='bbox 409 3755 632 3819; x_wconf 84' lang='lat' dir='ltr'><strong>famosissimus</strong></span> <span class='ocrx_word' id='word_1_296' title='bbox 655 3757 738 3834; x_wconf 92' lang='lat' dir='ltr'><strong>latro,</strong></span> <span class='ocrx_word' id='word_1_297' title='bbox 771 3775 863 3836; x_wconf 94' lang='lat' dir='ltr'><strong>quem</strong></span> <span class='ocrx_word' id='word_1_298' title='bbox 888 3759 1146 3838; x_wconf 90' lang='lat' dir='ltr'><strong>comprehensum</strong></span> <span class='ocrx_word' id='word_1_299' title='bbox 1177 3776 1229 3820; x_wconf 90' lang='lat' dir='ltr'><strong>rex</strong></span> <span class='ocrx_word' id='word_1_300' title='bbox 1252 3758 1351 3821; x_wconf 90' lang='lat' dir='ltr'><strong>oeulis</strong></span> <span class='ocrx_word' id='word_1_301' title='bbox 1374 3758 1474 3838; x_wconf 78' lang='lat' dir='ltr'><strong>priva-</strong></span> 
     </span>
     <span class='ocr_line' id='line_1_38' title="bbox 409 3845 1477 3924; baseline 0.001 -17"><span class='ocrx_word' id='word_1_302' title='bbox 409 3849 492 3907; x_wconf 92' lang='lat' dir='ltr'><strong>verat</strong></span> <span class='ocrx_word' id='word_1_303' title='bbox 515 3845 605 3924; x_wconf 92' lang='lat' dir='ltr'><strong>eique</strong></span> <span class='ocrx_word' id='word_1_304' title='bbox 628 3845 667 3908; x_wconf 91' lang='lat' dir='ltr'><strong>de</strong></span> <span class='ocrx_word' id='word_1_305' title='bbox 691 3863 797 3908; x_wconf 91' lang='lat' dir='ltr'><strong>mensa</strong></span> <span class='ocrx_word' id='word_1_306' title='bbox 812 3863 867 3908; x_wconf 89' lang='lat' dir='ltr'><strong>sua</strong></span> <span class='ocrx_word' id='word_1_307' title='bbox 886 3847 1056 3910; x_wconf 88' lang='lat' dir='ltr'><strong>cotidianos</strong></span> <span class='ocrx_word' id='word_1_308' title='bbox 1071 3847 1266 3910; x_wconf 88' lang='lat' dir='ltr'><strong>constituerat</strong></span> <span class='ocrx_word' id='word_1_309' title='bbox 1281 3847 1377 3910; x_wconf 92' lang='lat' dir='ltr'><strong>cibos.</strong></span> <span class='ocrx_word' id='word_1_310' title='bbox 1415 3845 1477 3909; x_wconf 84' lang='lat' dir='ltr'><strong>ilic</strong></span> 
     </span>
     <span class='ocr_line' id='line_1_39' title="bbox 355 3933 1474 4016; baseline -0.002 -17"><span class='ocrx_word' id='word_1_311' title='bbox 355 3951 383 3999; x_wconf 81' lang='lat' dir='ltr'><strong>ou</strong></span> <span class='ocrx_word' id='word_1_312' title='bbox 410 3934 474 4014; x_wconf 92' lang='lat' dir='ltr'><strong>regi</strong></span> <span class='ocrx_word' id='word_1_313' title='bbox 502 3933 665 3997; x_wconf 89' lang='lat' dir='ltr'><strong>consilium</strong></span> <span class='ocrx_word' id='word_1_314' title='bbox 696 3952 768 4015; x_wconf 91' lang='lat' dir='ltr'><strong>sepe</strong></span> <span class='ocrx_word' id='word_1_315' title='bbox 799 3935 918 3998; x_wconf 94' lang='lat' dir='ltr'><strong>bonum</strong></span> <span class='ocrx_word' id='word_1_316' title='bbox 947 3940 976 3998; x_wconf 91' lang='lat' dir='ltr'><strong>et</strong></span> <span class='ocrx_word' id='word_1_317' title='bbox 1002 3935 1075 3998; x_wconf 93' lang='lat' dir='ltr'><strong>utile</strong></span> <span class='ocrx_word' id='word_1_318' title='bbox 1102 3936 1255 4016; x_wconf 90' lang='lat' dir='ltr'><strong>prebebat,</strong></span> <span class='ocrx_word' id='word_1_319' title='bbox 1287 3940 1392 4015; x_wconf 91' lang='lat' dir='ltr'><strong>utpote</strong></span> <span class='ocrx_word' id='word_1_320' title='bbox 1419 3935 1474 4015; x_wconf 94' lang='lat' dir='ltr'><strong>qui</strong></span> 
     </span>
     <span class='ocr_line' id='line_1_40' title="bbox 411 4021 1477 4104; baseline 0 -18"><span class='ocrx_word' id='word_1_321' title='bbox 411 4023 506 4086; x_wconf 91' lang='lat' dir='ltr'><strong>multa</strong></span> <span class='ocrx_word' id='word_1_322' title='bbox 538 4021 654 4086; x_wconf 92' lang='lat' dir='ltr'><strong>viderat</strong></span> <span class='ocrx_word' id='word_1_323' title='bbox 684 4028 714 4086; x_wconf 92' lang='lat' dir='ltr'><strong>et</strong></span> <span class='ocrx_word' id='word_1_324' title='bbox 741 4022 889 4101; x_wconf 88' lang='lat' dir='ltr'><strong>audierat,</strong></span> <span class='ocrx_word' id='word_1_325' title='bbox 925 4042 1045 4104; x_wconf 90' lang='lat' dir='ltr'><strong>suoque</strong></span> <span class='ocrx_word' id='word_1_326' title='bbox 1074 4026 1283 4104; x_wconf 90' lang='lat' dir='ltr'><strong>experimento</strong></span> <span class='ocrx_word' id='word_1_327' title='bbox 1313 4024 1477 4087; x_wconf 88' lang='lat' dir='ltr'><strong>didiscerat</strong></span> 
     </span>
    </p>
   </div>
   <div class='ocr_carea' id='block_1_3' title="bbox 411 4111 1475 4282">
    <p class='ocr_par' dir='ltr' id='par_1_3' title="bbox 411 4111 1475 4282">
     <span class='ocr_line' id='line_1_41' title="bbox 411 4111 1474 4193; baseline 0 -18"><span class='ocrx_word' id='word_1_328' title='bbox 411 4113 513 4176; x_wconf 91' lang='lat' dir='ltr'><strong>multa.</strong></span> <span class='ocrx_word' id='word_1_329' title='bbox 560 4112 668 4175; x_wconf 88' lang='lat' dir='ltr'><strong>Narrat</strong></span> <span class='ocrx_word' id='word_1_330' title='bbox 691 4113 717 4174; x_wconf 92' lang='lat' dir='ltr'><strong>ei</strong></span> <span class='ocrx_word' id='word_1_331' title='bbox 743 4131 794 4174; x_wconf 92' lang='lat' dir='ltr'><strong>rex</strong></span> <span class='ocrx_word' id='word_1_332' title='bbox 817 4111 989 4192; x_wconf 86' lang='lat' dir='ltr'><strong>dampnum</strong></span> <span class='ocrx_word' id='word_1_333' title='bbox 1013 4130 1104 4175; x_wconf 92' lang='lat' dir='ltr'><strong>suum</strong></span> <span class='ocrx_word' id='word_1_334' title='bbox 1128 4114 1288 4192; x_wconf 92' lang='lat' dir='ltr'><strong>queritque</strong></span> <span class='ocrx_word' id='word_1_335' title='bbox 1312 4112 1474 4193; x_wconf 94' lang='lat' dir='ltr'><strong>quomodo</strong></span> 
     </span>
     <span class='ocr_line' id='line_1_42' title="bbox 411 4200 1475 4282; baseline -0.003 -18"><span class='ocrx_word' id='word_1_336' title='bbox 411 4202 528 4282; x_wconf 90' lang='lat' dir='ltr'><strong>perdita</strong></span> <span class='ocrx_word' id='word_1_337' title='bbox 559 4219 738 4280; x_wconf 90' lang='lat' dir='ltr'><strong>recuperare</strong></span> <span class='ocrx_word' id='word_1_338' title='bbox 766 4200 870 4281; x_wconf 89' lang='lat' dir='ltr'><strong>possit.</strong></span> <span class='ocrx_word' id='word_1_339' title='bbox 919 4200 979 4263; x_wconf 89' lang='lat' dir='ltr'><strong>Cui</strong></span> <span class='ocrx_word' id='word_1_340' title='bbox 1009 4217 1102 4263; x_wconf 89' lang='lat' dir='ltr'><strong>senex</strong></span> <span class='ocrx_word' id='word_1_341' title='bbox 1131 4201 1188 4263; x_wconf 88' lang='lat' dir='ltr'><strong>tale</strong></span> <span class='ocrx_word' id='word_1_342' title='bbox 1218 4201 1270 4263; x_wconf 92' lang='lat' dir='ltr'><strong>dat</strong></span> <span class='ocrx_word' id='word_1_343' title='bbox 1300 4201 1475 4265; x_wconf 91' lang='lat' dir='ltr'><strong>consilium.</strong></span> 
     </span>
    </p>
   </div>
   <div class='ocr_carea' id='block_1_4' title="bbox 0 0 1805 4884">
    <p class='ocr_par' dir='ltr' id='par_1_4' title="bbox 0 0 1805 4884">
     <span class='ocr_line' id='line_1_43' title="bbox 0 0 1805 4884; baseline 0 0"><span class='ocrx_word' id='word_1_344' title='bbox 0 0 1805 4884; x_wconf 95' lang='lat' dir='ltr'><strong> </strong></span> 
     </span>
    </p>
   </div>
  </div>
 </body>
</html>
