<?xml version="1.0" encoding="UTF-8"?>
<!DOCTYPE html PUBLIC "-//W3C//DTD XHTML 1.0 Transitional//EN"
    "http://www.w3.org/TR/xhtml1/DTD/xhtml1-transitional.dtd">
<html xmlns="http://www.w3.org/1999/xhtml" xml:lang="en" lang="en">
 <head>
  <title>
</title>
<meta http-equiv="Content-Type" content="text/html;charset=utf-8" />
  <meta name='ocr-system' content='tesseract 3.04.00' />
  <meta name='ocr-capabilities' content='ocr_page ocr_carea ocr_par ocr_line ocrx_word'/>
</head>
<body>
  <div class='ocr_page' id='page_1' title='image "./probenderlatein01ulrigoog_0080.png"; bbox 0 0 3584 4884; ppageno 0'>
   <div class='ocr_carea' id='block_1_1' title="bbox 731 393 952 449">
    <p class='ocr_par' dir='ltr' id='par_1_1' title="bbox 731 393 952 449">
     <span class='ocr_line' id='line_1_1' title="bbox 731 393 952 449; baseline 0 -18"><span class='ocrx_word' id='word_1_1' title='bbox 731 393 952 449; x_wconf 74' lang='grc'>-71-</span> 
     </span>
    </p>
   </div>
   <div class='ocr_carea' id='block_1_2' title="bbox 248 564 1378 3044">
    <p class='ocr_par' dir='ltr' id='par_1_2' title="bbox 248 564 1378 3044">
     <span class='ocr_line' id='line_1_2' title="bbox 304 564 1375 646; baseline 0.002 -20"><span class='ocrx_word' id='word_1_2' title='bbox 304 568 356 641; x_wconf 86' lang='lat' dir='ltr'><strong>est,</strong></span> <span class='ocrx_word' id='word_1_3' title='bbox 373 581 467 625; x_wconf 87' lang='lat' dir='ltr'><strong>vnarn</strong></span> <span class='ocrx_word' id='word_1_4' title='bbox 483 582 611 644; x_wconf 88' lang='lat' dir='ltr'><strong>paruam</strong></span> <span class='ocrx_word' id='word_1_5' title='bbox 629 564 810 644; x_wconf 81' lang='lat' dir='ltr'>peticionem</span> <span class='ocrx_word' id='word_1_6' title='bbox 827 569 884 627; x_wconf 87' lang='lat' dir='ltr'><strong>ate</strong></span> <span class='ocrx_word' id='word_1_7' title='bbox 901 569 1000 645; x_wconf 50' lang='lat' dir='ltr'><strong>peto!</strong></span> <span class='ocrx_word' id='word_1_8' title='bbox 1027 564 1092 639; x_wconf 94' lang='lat' dir='ltr'><strong>Qui</strong></span> <span class='ocrx_word' id='word_1_9' title='bbox 1107 566 1160 627; x_wconf 91' lang='lat' dir='ltr'><strong>ait:</strong></span> <span class='ocrx_word' id='word_1_10' title='bbox 1180 566 1375 646; x_wconf 67' lang='lat' dir='ltr'><strong>„Proponasl</strong></span> 
     </span>
     <span class='ocr_line' id='line_1_3' title="bbox 251 653 1376 734; baseline 0 -18"><span class='ocrx_word' id='word_1_11' title='bbox 251 672 290 716; x_wconf 79' lang='lat' dir='ltr'><strong>ras</strong></span> <span class='ocrx_word' id='word_1_12' title='bbox 307 654 343 714; x_wconf 83' lang='lat' dir='ltr'><strong>Et</strong></span> <span class='ocrx_word' id='word_1_13' title='bbox 372 653 398 715; x_wconf 93' lang='lat' dir='ltr'><strong>si</strong></span> <span class='ocrx_word' id='word_1_14' title='bbox 430 656 476 714; x_wconf 89' lang='lat' dir='ltr'><strong>est</strong></span> <span class='ocrx_word' id='word_1_15' title='bbox 505 653 599 715; x_wconf 87' lang='lat' dir='ltr'><strong>michi</strong></span> <span class='ocrx_word' id='word_1_16' title='bbox 634 653 793 732; x_wconf 90' lang='lat' dir='ltr'><strong>possibile,</strong></span> <span class='ocrx_word' id='word_1_17' title='bbox 828 654 958 717; x_wconf 73' lang='lat' dir='ltr'>libenter</span> <span class='ocrx_word' id='word_1_18' title='bbox 987 654 1196 734; x_wconf 69' lang='lat' dir='ltr'><strong>adimplebat</strong></span> <span class='ocrx_word' id='word_1_19' title='bbox 1245 655 1284 717; x_wconf 78' lang='lat' dir='ltr'><strong>tlt</strong></span> <span class='ocrx_word' id='word_1_20' title='bbox 1312 655 1376 717; x_wconf 86' lang='lat' dir='ltr'><strong>illa:</strong></span> 
     </span>
     <span class='ocr_line' id='line_1_4' title="bbox 308 741 1375 823; baseline 0 -17"><span class='ocrx_word' id='word_1_21' title='bbox 308 741 460 807; x_wconf 67' lang='lat' dir='ltr'><strong>„Constat</strong></span> <span class='ocrx_word' id='word_1_22' title='bbox 482 741 536 804; x_wconf 92' lang='lat' dir='ltr'><strong>tibi</strong></span> <span class='ocrx_word' id='word_1_23' title='bbox 561 741 647 820; x_wconf 92' lang='lat' dir='ltr'><strong>quod</strong></span> <span class='ocrx_word' id='word_1_24' title='bbox 671 742 773 804; x_wconf 89' lang='lat' dir='ltr'><strong>adhuc</strong></span> <span class='ocrx_word' id='word_1_25' title='bbox 788 759 851 805; x_wconf 92' lang='lat' dir='ltr'><strong>non</strong></span> <span class='ocrx_word' id='word_1_26' title='bbox 872 743 1009 823; x_wconf 86' lang='lat' dir='ltr'><strong>concepi,</strong></span> <span class='ocrx_word' id='word_1_27' title='bbox 1032 761 1128 822; x_wconf 88' lang='lat' dir='ltr'><strong>quare</strong></span> <span class='ocrx_word' id='word_1_28' title='bbox 1151 744 1281 806; x_wconf 89' lang='lat' dir='ltr'><strong>multum</strong></span> <span class='ocrx_word' id='word_1_29' title='bbox 1305 761 1375 806; x_wconf 90' lang='lat' dir='ltr'><strong>sum</strong></span> 
     </span>
     <span class='ocr_line' id='line_1_5' title="bbox 303 830 1377 912; baseline 0.003 -20"><span class='ocrx_word' id='word_1_30' title='bbox 303 830 450 893; x_wconf 88' lang='lat' dir='ltr'><strong>desolata.</strong></span> <span class='ocrx_word' id='word_1_31' title='bbox 479 831 611 892; x_wconf 87' lang='lat' dir='ltr'><strong>Tantum</strong></span> <span class='ocrx_word' id='word_1_32' title='bbox 628 831 752 893; x_wconf 91' lang='lat' dir='ltr'><strong>vnicum</strong></span> <span class='ocrx_word' id='word_1_33' title='bbox 769 831 868 893; x_wconf 89' lang='lat' dir='ltr'><strong>tilium</strong></span> <span class='ocrx_word' id='word_1_34' title='bbox 885 831 980 894; x_wconf 88' lang='lat' dir='ltr'><strong>habes</strong></span> <span class='ocrx_word' id='word_1_35' title='bbox 996 832 1028 893; x_wconf 92' lang='lat' dir='ltr'><strong>in</strong></span> <span class='ocrx_word' id='word_1_36' title='bbox 1044 832 1224 912; x_wconf 83' lang='lat' dir='ltr'><strong>longinquis</strong></span> <span class='ocrx_word' id='word_1_37' title='bbox 1239 833 1377 912; x_wconf 88' lang='lat' dir='ltr'><strong>partibus</strong></span> 
     </span>
     <span class='ocr_line' id='line_1_6' title="bbox 303 919 1378 1001; baseline 0.003 -19"><span class='ocrx_word' id='word_1_38' title='bbox 303 938 376 982; x_wconf 92' lang='lat' dir='ltr'><strong>curn</strong></span> <span class='ocrx_word' id='word_1_39' title='bbox 403 919 475 982; x_wconf 88' lang='lat' dir='ltr'><strong>.Vll.</strong></span> <span class='ocrx_word' id='word_1_40' title='bbox 500 919 660 999; x_wconf 85' lang='lat' dir='ltr'><strong>magistris,</strong></span> <span class='ocrx_word' id='word_1_41' title='bbox 685 937 777 999; x_wconf 90' lang='lat' dir='ltr'><strong>quern</strong></span> <span class='ocrx_word' id='word_1_42' title='bbox 802 938 908 982; x_wconf 91' lang='lat' dir='ltr'><strong>meum</strong></span> <span class='ocrx_word' id='word_1_43' title='bbox 939 924 1048 1001; x_wconf 91' lang='lat' dir='ltr'><strong>reputo</strong></span> <span class='ocrx_word' id='word_1_44' title='bbox 1075 921 1186 982; x_wconf 84' lang='lat' dir='ltr'><strong>tilium.</strong></span> <span class='ocrx_word' id='word_1_45' title='bbox 1232 921 1323 1001; x_wconf 86' lang='lat' dir='ltr'><strong>Rogo</strong></span> <span class='ocrx_word' id='word_1_46' title='bbox 1345 926 1378 984; x_wconf 91' lang='lat' dir='ltr'><strong>vt</strong></span> 
     </span>
     <span class='ocr_line' id='line_1_7' title="bbox 304 1008 1376 1090; baseline 0.003 -20"><span class='ocrx_word' id='word_1_47' title='bbox 304 1027 363 1088; x_wconf 92' lang='lat' dir='ltr'><strong>pro</strong></span> <span class='ocrx_word' id='word_1_48' title='bbox 380 1025 419 1070; x_wconf 93' lang='lat' dir='ltr'><strong>eo</strong></span> <span class='ocrx_word' id='word_1_49' title='bbox 436 1008 543 1084; x_wconf 90' lang='lat' dir='ltr'><strong>mittas,</strong></span> <span class='ocrx_word' id='word_1_50' title='bbox 568 1013 602 1070; x_wconf 92' lang='lat' dir='ltr'><strong>ut</strong></span> <span class='ocrx_word' id='word_1_51' title='bbox 616 1009 655 1070; x_wconf 92' lang='lat' dir='ltr'><strong>de</strong></span> <span class='ocrx_word' id='word_1_52' title='bbox 672 1009 738 1070; x_wconf 91' lang='lat' dir='ltr'><strong>eius</strong></span> <span class='ocrx_word' id='word_1_53' title='bbox 753 1009 911 1089; x_wconf 85' lang='lat' dir='ltr'><strong>presencia</strong></span> <span class='ocrx_word' id='word_1_54' title='bbox 934 1009 1050 1089; x_wconf 88' lang='lat' dir='ltr'><strong>possim</strong></span> <span class='ocrx_word' id='word_1_55' title='bbox 1066 1009 1210 1089; x_wconf 89' lang='lat' dir='ltr'><strong>gaudere,</strong></span> <span class='ocrx_word' id='word_1_56' title='bbox 1233 1028 1376 1090; x_wconf 89' lang='lat' dir='ltr'><strong>quosque</strong></span> 
     </span>
     <span class='ocr_line' id='line_1_8' title="bbox 252 1097 1376 1179; baseline 0.002 -19"><span class='ocrx_word' id='word_1_57' title='bbox 252 1117 290 1161; x_wconf 81' lang='lat' dir='ltr'><strong>uo</strong></span> <span class='ocrx_word' id='word_1_58' title='bbox 305 1097 385 1160; x_wconf 91' lang='lat' dir='ltr'><strong>deus</strong></span> <span class='ocrx_word' id='word_1_59' title='bbox 401 1097 568 1160; x_wconf 87' lang='lat' dir='ltr'><strong>visitauerit</strong></span> <span class='ocrx_word' id='word_1_60' title='bbox 582 1111 660 1160; x_wconf 72' lang='lat' dir='ltr'><strong>me.t</strong></span> <span class='ocrx_word' id='word_1_61' title='bbox 693 1098 732 1159; x_wconf 82' lang='lat' dir='ltr'><strong>At</strong></span> <span class='ocrx_word' id='word_1_62' title='bbox 754 1098 817 1160; x_wconf 90' lang='lat' dir='ltr'><strong>ille:</strong></span> <span class='ocrx_word' id='word_1_63' title='bbox 844 1099 926 1177; x_wconf 74' lang='lat' dir='ltr'><strong>„Jarn</strong></span> <span class='ocrx_word' id='word_1_64' title='bbox 941 1102 1015 1161; x_wconf 92' lang='lat' dir='ltr'><strong>sunt</strong></span> <span class='ocrx_word' id='word_1_65' title='bbox 1034 1099 1108 1160; x_wconf 87' lang='lat' dir='ltr'><strong>anni</strong></span> <span class='ocrx_word' id='word_1_66' title='bbox 1132 1099 1227 1176; x_wconf 89' lang='lat' dir='ltr'><strong>.XVl.,</strong></span> <span class='ocrx_word' id='word_1_67' title='bbox 1250 1117 1288 1161; x_wconf 95' lang='lat' dir='ltr'><strong>ex</strong></span> <span class='ocrx_word' id='word_1_68' title='bbox 1311 1117 1376 1179; x_wconf 89' lang='lat' dir='ltr'><strong>quo</strong></span> 
     </span>
     <span class='ocr_line' id='line_1_9' title="bbox 305 1185 1375 1267; baseline 0.002 -19"><span class='ocrx_word' id='word_1_69' title='bbox 305 1205 379 1248; x_wconf 91' lang='lat' dir='ltr'><strong>eurn</strong></span> <span class='ocrx_word' id='word_1_70' title='bbox 415 1203 480 1248; x_wconf 92' lang='lat' dir='ltr'><strong>non</strong></span> <span class='ocrx_word' id='word_1_71' title='bbox 514 1185 588 1250; x_wconf 92' lang='lat' dir='ltr'><strong>vidi.</strong></span> <span class='ocrx_word' id='word_1_72' title='bbox 644 1186 708 1248; x_wconf 85' lang='lat' dir='ltr'><strong>Fiet</strong></span> <span class='ocrx_word' id='word_1_73' title='bbox 740 1190 792 1249; x_wconf 92' lang='lat' dir='ltr'><strong>tua</strong></span> <span class='ocrx_word' id='word_1_74' title='bbox 826 1186 966 1267; x_wconf 58' lang='lat' dir='ltr'><strong>petierat«</strong></span> <span class='ocrx_word' id='word_1_75' title='bbox 1022 1186 1128 1250; x_wconf 85' lang='lat' dir='ltr'><strong>Statim</strong></span> <span class='ocrx_word' id='word_1_76' title='bbox 1159 1187 1270 1250; x_wconf 83' lang='lat' dir='ltr'><strong>litteras</strong></span> <span class='ocrx_word' id='word_1_77' title='bbox 1303 1189 1375 1251; x_wconf 79' lang='lat' dir='ltr'><strong>,vlt</strong></span> 
     </span>
     <span class='ocr_line' id='line_1_10' title="bbox 304 1275 1376 1356; baseline 0.003 -20"><span class='ocrx_word' id='word_1_78' title='bbox 304 1275 460 1355; x_wconf 77' lang='lat' dir='ltr'><strong>magistris</strong></span> <span class='ocrx_word' id='word_1_79' title='bbox 483 1275 600 1352; x_wconf 88' lang='lat' dir='ltr'><strong>iecerat,</strong></span> <span class='ocrx_word' id='word_1_80' title='bbox 624 1275 718 1338; x_wconf 91' lang='lat' dir='ltr'><strong>anulo</strong></span> <span class='ocrx_word' id='word_1_81' title='bbox 733 1293 792 1338; x_wconf 93' lang='lat' dir='ltr'><strong>suo</strong></span> <span class='ocrx_word' id='word_1_82' title='bbox 815 1276 957 1354; x_wconf 88' lang='lat' dir='ltr'><strong>signatas,</strong></span> <span class='ocrx_word' id='word_1_83' title='bbox 980 1276 1067 1356; x_wconf 92' lang='lat' dir='ltr'><strong>quod</strong></span> <span class='ocrx_word' id='word_1_84' title='bbox 1091 1276 1150 1338; x_wconf 90' lang='lat' dir='ltr'><strong>sub</strong></span> <span class='ocrx_word' id='word_1_85' title='bbox 1173 1294 1254 1356; x_wconf 88' lang='lat' dir='ltr'><strong>pena</strong></span> <span class='ocrx_word' id='word_1_86' title='bbox 1268 1278 1376 1340; x_wconf 91' lang='lat' dir='ltr'><strong>mortis</strong></span> 
     </span>
     <span class='ocr_line' id='line_1_11' title="bbox 304 1363 1375 1429; baseline 0.002 -4"><span class='ocrx_word' id='word_1_87' title='bbox 304 1365 335 1426; x_wconf 93' lang='lat' dir='ltr'><strong>in</strong></span> <span class='ocrx_word' id='word_1_88' title='bbox 361 1364 441 1427; x_wconf 88' lang='lat' dir='ltr'><strong>festo</strong></span> <span class='ocrx_word' id='word_1_89' title='bbox 465 1363 680 1427; x_wconf 76' lang='lat' dir='ltr'><strong>penthecostes</strong></span> <span class='ocrx_word' id='word_1_90' title='bbox 702 1364 801 1426; x_wconf 89' lang='lat' dir='ltr'><strong>iilium</strong></span> <span class='ocrx_word' id='word_1_91' title='bbox 826 1382 918 1427; x_wconf 91' lang='lat' dir='ltr'><strong>suurn</strong></span> <span class='ocrx_word' id='word_1_92' title='bbox 941 1364 980 1426; x_wconf 94' lang='lat' dir='ltr'><strong>ad</strong></span> <span class='ocrx_word' id='word_1_93' title='bbox 1003 1383 1076 1426; x_wconf 91' lang='lat' dir='ltr'><strong>eum</strong></span> <span class='ocrx_word' id='word_1_94' title='bbox 1100 1364 1254 1429; x_wconf 88' lang='lat' dir='ltr'><strong>ducerent.</strong></span> <span class='ocrx_word' id='word_1_95' title='bbox 1287 1367 1375 1428; x_wconf 91' lang='lat' dir='ltr'><strong>Nun-</strong></span> 
     </span>
     <span class='ocr_line' id='line_1_12' title="bbox 304 1453 1375 1533; baseline 0.001 -17"><span class='ocrx_word' id='word_1_96' title='bbox 304 1453 373 1516; x_wconf 90' lang='lat' dir='ltr'><strong>cius</strong></span> <span class='ocrx_word' id='word_1_97' title='bbox 407 1471 482 1515; x_wconf 92' lang='lat' dir='ltr'><strong>vero</strong></span> <span class='ocrx_word' id='word_1_98' title='bbox 517 1453 628 1516; x_wconf 89' lang='lat' dir='ltr'><strong>litteras</strong></span> <span class='ocrx_word' id='word_1_99' title='bbox 663 1453 776 1533; x_wconf 91' lang='lat' dir='ltr'><strong>recepit</strong></span> <span class='ocrx_word' id='word_1_100' title='bbox 808 1457 837 1515; x_wconf 91' lang='lat' dir='ltr'><strong>et</strong></span> <span class='ocrx_word' id='word_1_101' title='bbox 870 1453 951 1516; x_wconf 90' lang='lat' dir='ltr'><strong>viam</strong></span> <span class='ocrx_word' id='word_1_102' title='bbox 984 1453 1166 1530; x_wconf 90' lang='lat' dir='ltr'><strong>ambulauit,</strong></span> <span class='ocrx_word' id='word_1_103' title='bbox 1205 1454 1306 1518; x_wconf 90' lang='lat' dir='ltr'><strong>donec</strong></span> <span class='ocrx_word' id='word_1_104' title='bbox 1335 1454 1375 1517; x_wconf 88' lang='lat' dir='ltr'><strong>ad</strong></span> 
     </span>
     <span class='ocr_line' id='line_1_13' title="bbox 252 1542 1375 1624; baseline 0.001 -19"><span class='ocrx_word' id='word_1_105' title='bbox 252 1561 291 1606; x_wconf 79' lang='lat'><strong>145</strong></span> <span class='ocrx_word' id='word_1_106' title='bbox 306 1542 473 1620; x_wconf 89' lang='lat' dir='ltr'><strong>magistros</strong></span> <span class='ocrx_word' id='word_1_107' title='bbox 488 1542 578 1620; x_wconf 91' lang='lat' dir='ltr'><strong>venit,</strong></span> <span class='ocrx_word' id='word_1_108' title='bbox 602 1559 696 1622; x_wconf 92' lang='lat' dir='ltr'><strong>quern</strong></span> <span class='ocrx_word' id='word_1_109' title='bbox 720 1542 892 1605; x_wconf 90' lang='lat' dir='ltr'><strong>cumomni</strong></span> <span class='ocrx_word' id='word_1_110' title='bbox 916 1542 1087 1622; x_wconf 81' lang='lat' dir='ltr'><strong>graciarum</strong></span> <span class='ocrx_word' id='word_1_111' title='bbox 1110 1542 1230 1606; x_wconf 91' lang='lat' dir='ltr'><strong>actione</strong></span> <span class='ocrx_word' id='word_1_112' title='bbox 1252 1561 1375 1624; x_wconf 91' lang='lat' dir='ltr'><strong>recepe·</strong></span> 
     </span>
     <span class='ocr_line' id='line_1_14' title="bbox 306 1630 1376 1711; baseline 0.002 -18"><span class='ocrx_word' id='word_1_113' title='bbox 306 1635 388 1693; x_wconf 92' lang='lat' dir='ltr'><strong>runt.</strong></span> <span class='ocrx_word' id='word_1_114' title='bbox 425 1631 506 1694; x_wconf 89' lang='lat' dir='ltr'><strong>Cum</strong></span> <span class='ocrx_word' id='word_1_115' title='bbox 530 1649 604 1693; x_wconf 92' lang='lat' dir='ltr'><strong>vero</strong></span> <span class='ocrx_word' id='word_1_116' title='bbox 628 1631 740 1693; x_wconf 89' lang='lat' dir='ltr'><strong>litteras</strong></span> <span class='ocrx_word' id='word_1_117' title='bbox 755 1630 900 1710; x_wconf 88' lang='lat' dir='ltr'><strong>legissent</strong></span> <span class='ocrx_word' id='word_1_118' title='bbox 923 1635 952 1692; x_wconf 91' lang='lat' dir='ltr'><strong>et</strong></span> <span class='ocrx_word' id='word_1_119' title='bbox 974 1631 1160 1694; x_wconf 89' lang='lat' dir='ltr'><strong>voluntatem</strong></span> <span class='ocrx_word' id='word_1_120' title='bbox 1184 1632 1376 1711; x_wconf 90' lang='lat' dir='ltr'><strong>imperatoris</strong></span> 
     </span>
     <span class='ocr_line' id='line_1_15' title="bbox 303 1719 1374 1801; baseline 0.002 -20"><span class='ocrx_word' id='word_1_121' title='bbox 303 1720 462 1797; x_wconf 89' lang='lat' dir='ltr'><strong>vidissent,</strong></span> <span class='ocrx_word' id='word_1_122' title='bbox 479 1719 510 1781; x_wconf 92' lang='lat' dir='ltr'><strong>in</strong></span> <span class='ocrx_word' id='word_1_123' title='bbox 522 1719 704 1800; x_wconf 90' lang='lat' dir='ltr'><strong>crepusculo</strong></span> <span class='ocrx_word' id='word_1_124' title='bbox 721 1720 818 1782; x_wconf 91' lang='lat' dir='ltr'><strong>noctis</strong></span> <span class='ocrx_word' id='word_1_125' title='bbox 829 1719 930 1782; x_wconf 89' lang='lat' dir='ltr'><strong>stellas</strong></span> <span class='ocrx_word' id='word_1_126' title='bbox 945 1720 1129 1783; x_wconf 85' lang='lat' dir='ltr'><strong>firmamenti</strong></span> <span class='ocrx_word' id='word_1_127' title='bbox 1146 1725 1374 1801; x_wconf 90' lang='lat' dir='ltr'><strong>perspexerunt,</strong></span> 
     </span>
     <span class='ocr_line' id='line_1_16' title="bbox 303 1807 1373 1889; baseline 0.003 -18"><span class='ocrx_word' id='word_1_128' title='bbox 303 1809 329 1871; x_wconf 93' lang='lat' dir='ltr'><strong>si</strong></span> <span class='ocrx_word' id='word_1_129' title='bbox 356 1808 513 1888; x_wconf 86' lang='lat' dir='ltr'><strong>expediret</strong></span> <span class='ocrx_word' id='word_1_130' title='bbox 534 1807 706 1872; x_wconf 89' lang='lat' dir='ltr'><strong>secundum</strong></span> <span class='ocrx_word' id='word_1_131' title='bbox 729 1811 868 1871; x_wconf 91' lang='lat' dir='ltr'><strong>tenorem</strong></span> <span class='ocrx_word' id='word_1_132' title='bbox 900 1808 1065 1870; x_wconf 89' lang='lat' dir='ltr'><strong>litterarum</strong></span> <span class='ocrx_word' id='word_1_133' title='bbox 1096 1827 1227 1889; x_wconf 91' lang='lat' dir='ltr'><strong>puerum</strong></span> <span class='ocrx_word' id='word_1_134' title='bbox 1251 1809 1373 1874; x_wconf 91' lang='lat' dir='ltr'><strong>ducere.</strong></span> 
     </span>
     <span class='ocr_line' id='line_1_17' title="bbox 304 1896 1374 1978; baseline 0.003 -19"><span class='ocrx_word' id='word_1_135' title='bbox 304 1898 398 1960; x_wconf 88' lang='lat' dir='ltr'><strong>Clare</strong></span> <span class='ocrx_word' id='word_1_136' title='bbox 422 1898 453 1959; x_wconf 94' lang='lat' dir='ltr'><strong>in</strong></span> <span class='ocrx_word' id='word_1_137' title='bbox 477 1897 570 1960; x_wconf 90' lang='lat' dir='ltr'><strong>stellis</strong></span> <span class='ocrx_word' id='word_1_138' title='bbox 585 1896 729 1959; x_wconf 91' lang='lat' dir='ltr'><strong>viderunt</strong></span> <span class='ocrx_word' id='word_1_139' title='bbox 743 1897 838 1976; x_wconf 92' lang='lat' dir='ltr'><strong>quod,</strong></span> <span class='ocrx_word' id='word_1_140' title='bbox 862 1897 888 1960; x_wconf 92' lang='lat' dir='ltr'><strong>si</strong></span> <span class='ocrx_word' id='word_1_141' title='bbox 913 1915 1043 1977; x_wconf 86' lang='lat' dir='ltr'><strong>puemm</strong></span> <span class='ocrx_word' id='word_1_142' title='bbox 1059 1902 1198 1977; x_wconf 90' lang='lat' dir='ltr'><strong>tempore</strong></span> <span class='ocrx_word' id='word_1_143' title='bbox 1220 1899 1374 1978; x_wconf 89' lang='lat' dir='ltr'><strong>assignato</strong></span> 
     </span>
     <span class='ocr_line' id='line_1_18' title="bbox 251 1986 1376 2067; baseline -0.001 -17"><span class='ocrx_word' id='word_1_144' title='bbox 251 2005 290 2050; x_wconf 78' lang='lat' dir='ltr'><strong>uo</strong></span> <span class='ocrx_word' id='word_1_145' title='bbox 306 2004 373 2049; x_wconf 94' lang='lat' dir='ltr'><strong>non</strong></span> <span class='ocrx_word' id='word_1_146' title='bbox 398 1986 551 2064; x_wconf 88' lang='lat' dir='ltr'><strong>ducerent,</strong></span> <span class='ocrx_word' id='word_1_147' title='bbox 575 2003 684 2049; x_wconf 91' lang='lat' dir='ltr'><strong>omnes</strong></span> <span class='ocrx_word' id='word_1_148' title='bbox 707 1986 804 2067; x_wconf 90' lang='lat' dir='ltr'><strong>capita</strong></span> <span class='ocrx_word' id='word_1_149' title='bbox 826 1986 1037 2048; x_wconf 90' lang='lat' dir='ltr'><strong>ammitterent.</strong></span> <span class='ocrx_word' id='word_1_150' title='bbox 1076 1986 1164 2049; x_wconf 87' lang='lat' dir='ltr'><strong>Tunc</strong></span> <span class='ocrx_word' id='word_1_151' title='bbox 1176 1987 1218 2049; x_wconf 89' lang='lat' dir='ltr'><strong>ait</strong></span> <span class='ocrx_word' id='word_1_152' title='bbox 1232 1988 1376 2067; x_wconf 88' lang='lat' dir='ltr'><strong>magister</strong></span> 
     </span>
     <span class='ocr_line' id='line_1_19' title="bbox 305 2074 1374 2155; baseline 0 -17"><span class='ocrx_word' id='word_1_153' title='bbox 305 2075 479 2155; x_wconf 87' lang='lat' dir='ltr'><strong>Cleophas:</strong></span> <span class='ocrx_word' id='word_1_154' title='bbox 506 2075 575 2140; x_wconf 75' lang='lat' dir='ltr'><strong>„De</strong></span> <span class='ocrx_word' id='word_1_155' title='bbox 599 2074 725 2138; x_wconf 90' lang='lat' dir='ltr'><strong>duobus</strong></span> <span class='ocrx_word' id='word_1_156' title='bbox 748 2075 836 2138; x_wconf 84' lang='lat' dir='ltr'><strong>malis</strong></span> <span class='ocrx_word' id='word_1_157' title='bbox 857 2075 960 2138; x_wconf 92' lang='lat' dir='ltr'><strong>minus</strong></span> <span class='ocrx_word' id='word_1_158' title='bbox 983 2075 1098 2137; x_wconf 91' lang='lat' dir='ltr'><strong>malum</strong></span> <span class='ocrx_word' id='word_1_159' title='bbox 1122 2080 1167 2138; x_wconf 91' lang='lat' dir='ltr'><strong>est</strong></span> <span class='ocrx_word' id='word_1_160' title='bbox 1188 2076 1374 2155; x_wconf 90' lang='lat' dir='ltr'><strong>eligendum.</strong></span> 
     </span>
     <span class='ocr_line' id='line_1_20' title="bbox 305 2163 1373 2244; baseline 0 -18"><span class='ocrx_word' id='word_1_161' title='bbox 305 2165 422 2226; x_wconf 87' lang='lat' dir='ltr'><strong>Melius</strong></span> <span class='ocrx_word' id='word_1_162' title='bbox 451 2168 496 2226; x_wconf 91' lang='lat' dir='ltr'><strong>est</strong></span> <span class='ocrx_word' id='word_1_163' title='bbox 525 2167 559 2226; x_wconf 92' lang='lat' dir='ltr'><strong>ut</strong></span> <span class='ocrx_word' id='word_1_164' title='bbox 588 2181 698 2226; x_wconf 89' lang='lat' dir='ltr'><strong>omnes</strong></span> <span class='ocrx_word' id='word_1_165' title='bbox 729 2164 899 2226; x_wconf 84' lang='lat' dir='ltr'><strong>moriamur</strong></span> <span class='ocrx_word' id='word_1_166' title='bbox 930 2181 1023 2243; x_wconf 90' lang='lat' dir='ltr'><strong>quarn</strong></span> <span class='ocrx_word' id='word_1_167' title='bbox 1059 2163 1145 2243; x_wconf 92' lang='lat' dir='ltr'><strong>quod</strong></span> <span class='ocrx_word' id='word_1_168' title='bbox 1175 2183 1254 2244; x_wconf 90' lang='lat' dir='ltr'><strong>puer</strong></span> <span class='ocrx_word' id='word_1_169' title='bbox 1282 2165 1373 2227; x_wconf 90' lang='lat' dir='ltr'><strong>vitam</strong></span> 
     </span>
     <span class='ocr_line' id='line_1_21' title="bbox 303 2252 1373 2333; baseline -0.001 -17"><span class='ocrx_word' id='word_1_170' title='bbox 303 2253 463 2316; x_wconf 88' lang='lat' dir='ltr'><strong>ammittat.</strong></span> <span class='ocrx_word' id='word_1_171' title='bbox 509 2252 581 2316; x_wconf 93' lang='lat' dir='ltr'><strong>ldeo</strong></span> <span class='ocrx_word' id='word_1_172' title='bbox 609 2252 740 2316; x_wconf 92' lang='lat' dir='ltr'><strong>consulo</strong></span> <span class='ocrx_word' id='word_1_173' title='bbox 768 2257 802 2314; x_wconf 96' lang='lat' dir='ltr'><strong>ut</strong></span> <span class='ocrx_word' id='word_1_174' title='bbox 822 2253 915 2315; x_wconf 87' lang='lat' dir='ltr'><strong>vitam</strong></span> <span class='ocrx_word' id='word_1_175' title='bbox 943 2253 1032 2333; x_wconf 91' lang='lat' dir='ltr'><strong>pueri</strong></span> <span class='ocrx_word' id='word_1_176' title='bbox 1059 2252 1242 2316; x_wconf 77' lang='lat' dir='ltr'><strong>saluemus.“</strong></span> <span class='ocrx_word' id='word_1_177' title='bbox 1290 2253 1373 2317; x_wconf 90' lang='lat' dir='ltr'><strong>Cum</strong></span> 
     </span>
     <span class='ocr_line' id='line_1_22' title="bbox 304 2341 1374 2422; baseline -0.001 -17"><span class='ocrx_word' id='word_1_178' title='bbox 304 2347 409 2405; x_wconf 90' lang='lat' dir='ltr'><strong>essent</strong></span> <span class='ocrx_word' id='word_1_179' title='bbox 441 2342 485 2404; x_wconf 92' lang='lat' dir='ltr'><strong>sic</strong></span> <span class='ocrx_word' id='word_1_180' title='bbox 516 2341 693 2418; x_wconf 83' lang='lat' dir='ltr'><strong>contristati,</strong></span> <span class='ocrx_word' id='word_1_181' title='bbox 725 2359 803 2421; x_wconf 92' lang='lat' dir='ltr'><strong>puer</strong></span> <span class='ocrx_word' id='word_1_182' title='bbox 831 2341 870 2403; x_wconf 93' lang='lat' dir='ltr'><strong>de</strong></span> <span class='ocrx_word' id='word_1_183' title='bbox 900 2359 1020 2404; x_wconf 89' lang='lat' dir='ltr'><strong>camera</strong></span> <span class='ocrx_word' id='word_1_184' title='bbox 1050 2342 1208 2404; x_wconf 91' lang='lat' dir='ltr'><strong>descendit</strong></span> <span class='ocrx_word' id='word_1_185' title='bbox 1237 2342 1374 2422; x_wconf 89' lang='lat' dir='ltr'><strong>viditque</strong></span> 
     </span>
     <span class='ocr_line' id='line_1_23' title="bbox 251 2429 1375 2510; baseline 0.001 -18"><span class='ocrx_word' id='word_1_186' title='bbox 251 2449 290 2494; x_wconf 83' lang='lat'><strong>155</strong></span> <span class='ocrx_word' id='word_1_187' title='bbox 307 2431 472 2510; x_wconf 84' lang='lat' dir='ltr'><strong>magistros</strong></span> <span class='ocrx_word' id='word_1_188' title='bbox 502 2447 576 2493; x_wconf 91' lang='lat' dir='ltr'><strong>suos</strong></span> <span class='ocrx_word' id='word_1_189' title='bbox 612 2429 774 2493; x_wconf 85' lang='lat' dir='ltr'><strong>desolatos.</strong></span> <span class='ocrx_word' id='word_1_190' title='bbox 827 2429 960 2493; x_wconf 85' lang='lat' dir='ltr'><strong>Causam</strong></span> <span class='ocrx_word' id='word_1_191' title='bbox 995 2434 1075 2492; x_wconf 88' lang='lat' dir='ltr'><strong>tante</strong></span> <span class='ocrx_word' id='word_1_192' title='bbox 1109 2431 1232 2493; x_wconf 88' lang='lat' dir='ltr'><strong>tristicie</strong></span> <span class='ocrx_word' id='word_1_193' title='bbox 1260 2432 1300 2493; x_wconf 95' lang='lat' dir='ltr'><strong>ab</strong></span> <span class='ocrx_word' id='word_1_194' title='bbox 1330 2432 1375 2494; x_wconf 91' lang='lat' dir='ltr'><strong>eis</strong></span> 
     </span>
     <span class='ocr_line' id='line_1_24' title="bbox 304 2519 1373 2600; baseline -0.001 -18"><span class='ocrx_word' id='word_1_195' title='bbox 304 2519 450 2600; x_wconf 89' lang='lat' dir='ltr'><strong>quesiuit.</strong></span> <span class='ocrx_word' id='word_1_196' title='bbox 497 2519 535 2582; x_wconf 82' lang='lat' dir='ltr'><strong>At</strong></span> <span class='ocrx_word' id='word_1_197' title='bbox 558 2519 614 2580; x_wconf 91' lang='lat' dir='ltr'><strong>illi:</strong></span> <span class='ocrx_word' id='word_1_198' title='bbox 642 2519 806 2596; x_wconf 68' lang='lat' dir='ltr'><strong>„Domine</strong></span> <span class='ocrx_word' id='word_1_199' title='bbox 832 2519 965 2581; x_wconf 88' lang='lat' dir='ltr'><strong>nuncius</strong></span> <span class='ocrx_word' id='word_1_200' title='bbox 988 2538 1025 2581; x_wconf 91' lang='lat' dir='ltr'><strong>ex</strong></span> <span class='ocrx_word' id='word_1_201' title='bbox 1048 2524 1132 2598; x_wconf 91' lang='lat' dir='ltr'><strong>parte</strong></span> <span class='ocrx_word' id='word_1_202' title='bbox 1155 2520 1248 2599; x_wconf 88' lang='lat' dir='ltr'><strong>patris</strong></span> <span class='ocrx_word' id='word_1_203' title='bbox 1270 2521 1314 2581; x_wconf 89' lang='lat' dir='ltr'><strong>tui</strong></span> <span class='ocrx_word' id='word_1_204' title='bbox 1334 2519 1373 2582; x_wconf 88' lang='lat' dir='ltr'><strong>ad</strong></span> 
     </span>
     <span class='ocr_line' id='line_1_25' title="bbox 304 2607 1373 2688; baseline 0 -18"><span class='ocrx_word' id='word_1_205' title='bbox 304 2627 365 2672; x_wconf 93' lang='lat' dir='ltr'><strong>nos</strong></span> <span class='ocrx_word' id='word_1_206' title='bbox 389 2609 473 2670; x_wconf 88' lang='lat' dir='ltr'><strong>venit</strong></span> <span class='ocrx_word' id='word_1_207' title='bbox 495 2626 564 2671; x_wconf 94' lang='lat' dir='ltr'><strong>cum</strong></span> <span class='ocrx_word' id='word_1_208' title='bbox 590 2608 701 2684; x_wconf 90' lang='lat' dir='ltr'><strong>litteris,</strong></span> <span class='ocrx_word' id='word_1_209' title='bbox 726 2612 759 2670; x_wconf 91' lang='lat' dir='ltr'><strong>ut</strong></span> <span class='ocrx_word' id='word_1_210' title='bbox 781 2609 812 2670; x_wconf 93' lang='lat' dir='ltr'><strong>in</strong></span> <span class='ocrx_word' id='word_1_211' title='bbox 831 2607 1031 2671; x_wconf 87' lang='lat' dir='ltr'><strong>Penthecoste</strong></span> <span class='ocrx_word' id='word_1_212' title='bbox 1046 2613 1077 2670; x_wconf 91' lang='lat' dir='ltr'><strong>te</strong></span> <span class='ocrx_word' id='word_1_213' title='bbox 1098 2607 1138 2670; x_wconf 91' lang='lat' dir='ltr'><strong>ad</strong></span> <span class='ocrx_word' id='word_1_214' title='bbox 1154 2613 1269 2688; x_wconf 88' lang='lat' dir='ltr'><strong>patrem</strong></span> <span class='ocrx_word' id='word_1_215' title='bbox 1286 2614 1373 2670; x_wconf 92' lang='lat' dir='ltr'><strong>tuum</strong></span> 
     </span>
     <span class='ocr_line' id='line_1_26' title="bbox 304 2696 1372 2776; baseline 0 -16"><span class='ocrx_word' id='word_1_216' title='bbox 304 2699 420 2760; x_wconf 90' lang='lat' dir='ltr'><strong>ducere</strong></span> <span class='ocrx_word' id='word_1_217' title='bbox 454 2696 631 2760; x_wconf 88' lang='lat' dir='ltr'><strong>debeamus.</strong></span> <span class='ocrx_word' id='word_1_218' title='bbox 684 2696 784 2776; x_wconf 85' lang='lat' dir='ltr'><strong>Super</strong></span> <span class='ocrx_word' id='word_1_219' title='bbox 818 2697 878 2759; x_wconf 91' lang='lat' dir='ltr'><strong>hoc</strong></span> <span class='ocrx_word' id='word_1_220' title='bbox 912 2697 1141 2759; x_wconf 84' lang='lat' dir='ltr'><strong>firmamentum</strong></span> <span class='ocrx_word' id='word_1_221' title='bbox 1173 2697 1372 2776; x_wconf 87' lang='lat' dir='ltr'><strong>respeximus,</strong></span> 
     </span>
     <span class='ocr_line' id='line_1_27' title="bbox 304 2785 1374 2866; baseline -0.001 -16"><span class='ocrx_word' id='word_1_222' title='bbox 304 2787 359 2850; x_wconf 90' lang='lat' dir='ltr'><strong>ubi</strong></span> <span class='ocrx_word' id='word_1_223' title='bbox 385 2787 464 2849; x_wconf 89' lang='lat' dir='ltr'><strong>clare</strong></span> <span class='ocrx_word' id='word_1_224' title='bbox 487 2785 629 2849; x_wconf 87' lang='lat' dir='ltr'><strong>videmus</strong></span> <span class='ocrx_word' id='word_1_225' title='bbox 652 2785 747 2865; x_wconf 90' lang='lat' dir='ltr'><strong>quod,</strong></span> <span class='ocrx_word' id='word_1_226' title='bbox 776 2786 802 2848; x_wconf 91' lang='lat' dir='ltr'><strong>si</strong></span> <span class='ocrx_word' id='word_1_227' title='bbox 825 2790 965 2866; x_wconf 92' lang='lat' dir='ltr'><strong>tempore</strong></span> <span class='ocrx_word' id='word_1_228' title='bbox 986 2786 1141 2866; x_wconf 87' lang='lat' dir='ltr'><strong>assignato</strong></span> <span class='ocrx_word' id='word_1_229' title='bbox 1163 2790 1192 2848; x_wconf 92' lang='lat' dir='ltr'><strong>te</strong></span> <span class='ocrx_word' id='word_1_230' title='bbox 1220 2786 1296 2866; x_wconf 89' lang='lat' dir='ltr'><strong>patri</strong></span> <span class='ocrx_word' id='word_1_231' title='bbox 1319 2791 1374 2849; x_wconf 91' lang='lat' dir='ltr'><strong>tuo</strong></span> 
     </span>
     <span class='ocr_line' id='line_1_28' title="bbox 248 2874 1374 2956; baseline -0.004 -15"><span class='ocrx_word' id='word_1_232' title='bbox 248 2896 288 2941; x_wconf 73' lang='grc' dir='ltr'><strong>ιω</strong></span> <span class='ocrx_word' id='word_1_233' title='bbox 305 2880 527 2956; x_wconf 87' lang='lat' dir='ltr'><strong>presentamus,</strong></span> <span class='ocrx_word' id='word_1_234' title='bbox 544 2875 575 2936; x_wconf 93' lang='lat' dir='ltr'><strong>in</strong></span> <span class='ocrx_word' id='word_1_235' title='bbox 588 2874 690 2954; x_wconf 92' lang='lat' dir='ltr'><strong>primo</strong></span> <span class='ocrx_word' id='word_1_236' title='bbox 702 2875 807 2952; x_wconf 91' lang='lat' dir='ltr'><strong>verbo,</strong></span> <span class='ocrx_word' id='word_1_237' title='bbox 823 2875 909 2954; x_wconf 88' lang='lat' dir='ltr'><strong>quod</strong></span> <span class='ocrx_word' id='word_1_238' title='bbox 925 2876 965 2938; x_wconf 90' lang='lat' dir='ltr'><strong>ab</strong></span> <span class='ocrx_word' id='word_1_239' title='bbox 975 2893 1029 2938; x_wconf 90' lang='lat' dir='ltr'><strong>ore</strong></span> <span class='ocrx_word' id='word_1_240' title='bbox 1040 2880 1094 2938; x_wconf 93' lang='lat' dir='ltr'><strong>tuo</strong></span> <span class='ocrx_word' id='word_1_241' title='bbox 1106 2875 1197 2937; x_wconf 90' lang='lat' dir='ltr'><strong>fuerit</strong></span> <span class='ocrx_word' id='word_1_242' title='bbox 1212 2875 1374 2955; x_wconf 91' lang='lat' dir='ltr'><strong>prolatum,</strong></span> 
     </span>
     <span class='ocr_line' id='line_1_29' title="bbox 303 2963 1374 3044; baseline 0 -18"><span class='ocrx_word' id='word_1_243' title='bbox 303 2968 406 3027; x_wconf 89' lang='lat' dir='ltr'><strong>morte</strong></span> <span class='ocrx_word' id='word_1_244' title='bbox 421 2963 597 3044; x_wconf 90' lang='lat' dir='ltr'><strong>turpissima</strong></span> <span class='ocrx_word' id='word_1_245' title='bbox 612 2963 672 3026; x_wconf 85' lang='lat' dir='ltr'><strong>en‘s</strong></span> <span class='ocrx_word' id='word_1_246' title='bbox 683 2963 940 3044; x_wconf 87' lang='lat' dir='ltr'><strong>condempnatus;</strong></span> <span class='ocrx_word' id='word_1_247' title='bbox 956 2965 1025 3026; x_wconf 92' lang='lat' dir='ltr'><strong>etsi</strong></span> <span class='ocrx_word' id='word_1_248' title='bbox 1042 2982 1106 3027; x_wconf 93' lang='lat' dir='ltr'><strong>non</strong></span> <span class='ocrx_word' id='word_1_249' title='bbox 1122 2968 1151 3026; x_wconf 89' lang='lat' dir='ltr'><strong>te</strong></span> <span class='ocrx_word' id='word_1_250' title='bbox 1167 2964 1220 3026; x_wconf 92' lang='lat' dir='ltr'><strong>illo</strong></span> <span class='ocrx_word' id='word_1_251' title='bbox 1236 2967 1374 3044; x_wconf 90' lang='lat' dir='ltr'><strong>tempore</strong></span> 
     </span>
    </p>
   </div>
   <div class='ocr_carea' id='block_1_3' title="bbox 303 3052 1373 3207">
    <p class='ocr_par' dir='ltr' id='par_1_3' title="bbox 303 3052 1373 3207">
     <span class='ocr_line' id='line_1_30' title="bbox 303 3052 1373 3134; baseline -0.001 -18"><span class='ocrx_word' id='word_1_252' title='bbox 303 3057 527 3134; x_wconf 86' lang='lat' dir='ltr'><strong>presentamus,</strong></span> <span class='ocrx_word' id='word_1_253' title='bbox 551 3052 590 3114; x_wconf 88' lang='lat' dir='ltr'><strong>ad</strong></span> <span class='ocrx_word' id='word_1_254' title='bbox 615 3056 745 3114; x_wconf 90' lang='lat' dir='ltr'><strong>mortem</strong></span> <span class='ocrx_word' id='word_1_255' title='bbox 770 3071 828 3116; x_wconf 92' lang='lat' dir='ltr'><strong>nos</strong></span> <span class='ocrx_word' id='word_1_256' title='bbox 844 3053 1061 3132; x_wconf 89' lang='lat' dir='ltr'><strong>condempnati</strong></span> <span class='ocrx_word' id='word_1_257' title='bbox 1078 3053 1220 3115; x_wconf 51' lang='lat' dir='ltr'><strong>erimus!</strong></span> <span class='ocrx_word' id='word_1_258' title='bbox 1256 3053 1295 3116; x_wconf 81' lang='lat' dir='ltr'><strong>nt</strong></span> <span class='ocrx_word' id='word_1_259' title='bbox 1310 3052 1373 3115; x_wconf 91' lang='lat' dir='ltr'><strong>ille:</strong></span> 
     </span>
     <span class='ocr_line' id='line_1_31' title="bbox 306 3141 1373 3207; baseline -0.002 0"><span class='ocrx_word' id='word_1_260' title='bbox 306 3142 570 3207; x_wconf 72' lang='lat' dir='ltr'><strong>„Firmamentum</strong></span> <span class='ocrx_word' id='word_1_261' title='bbox 587 3159 657 3204; x_wconf 93' lang='lat' dir='ltr'><strong>cum</strong></span> <span class='ocrx_word' id='word_1_262' title='bbox 674 3141 768 3204; x_wconf 90' lang='lat' dir='ltr'><strong>stellis</strong></span> <span class='ocrx_word' id='word_1_263' title='bbox 791 3141 896 3204; x_wconf 91' lang='lat' dir='ltr'><strong>videre</strong></span> <span class='ocrx_word' id='word_1_264' title='bbox 919 3141 1020 3204; x_wconf 58' lang='lat' dir='ltr'><strong>volox</strong></span> <span class='ocrx_word' id='word_1_265' title='bbox 1060 3143 1096 3204; x_wconf 81' lang='lat' dir='ltr'><strong>Et</strong></span> <span class='ocrx_word' id='word_1_266' title='bbox 1117 3142 1162 3204; x_wconf 90' lang='lat' dir='ltr'><strong>sic</strong></span> <span class='ocrx_word' id='word_1_267' title='bbox 1183 3142 1296 3204; x_wconf 89' lang='lat' dir='ltr'><strong>iactum</strong></span> <span class='ocrx_word' id='word_1_268' title='bbox 1320 3146 1373 3205; x_wconf 86' lang='lat' dir='ltr'><strong>cst</strong></span> 
     </span>
    </p>
   </div>
   <div class='ocr_carea' id='block_1_4' title="bbox 248 3229 1374 4196">
    <p class='ocr_par' dir='ltr' id='par_1_4' title="bbox 248 3229 1374 4196">
     <span class='ocr_line' id='line_1_32' title="bbox 305 3229 1373 3310; baseline -0.001 -17"><span class='ocrx_word' id='word_1_269' title='bbox 305 3232 391 3294; x_wconf 91' lang='lat' dir='ltr'><strong>Cum</strong></span> <span class='ocrx_word' id='word_1_270' title='bbox 414 3247 489 3293; x_wconf 88' lang='lat' dir='ltr'><strong>vero</strong></span> <span class='ocrx_word' id='word_1_271' title='bbox 501 3231 711 3310; x_wconf 88' lang='lat' dir='ltr'><strong>perspexisset,</strong></span> <span class='ocrx_word' id='word_1_272' title='bbox 728 3231 807 3293; x_wconf 89' lang='lat' dir='ltr'><strong>clare</strong></span> <span class='ocrx_word' id='word_1_273' title='bbox 822 3230 900 3292; x_wconf 93' lang='lat' dir='ltr'><strong>vidit</strong></span> <span class='ocrx_word' id='word_1_274' title='bbox 915 3229 1002 3309; x_wconf 93' lang='lat' dir='ltr'><strong>quod</strong></span> <span class='ocrx_word' id='word_1_275' title='bbox 1015 3230 1150 3309; x_wconf 88' lang='lat' dir='ltr'><strong>magistri</strong></span> <span class='ocrx_word' id='word_1_276' title='bbox 1166 3248 1273 3292; x_wconf 88' lang='lat' dir='ltr'><strong>verum</strong></span> <span class='ocrx_word' id='word_1_277' title='bbox 1289 3230 1373 3292; x_wconf 90' lang='lat' dir='ltr'><strong>dixe-</strong></span> 
     </span>
     <span class='ocr_line' id='line_1_33' title="bbox 248 3318 1374 3402; baseline -0.003 -18"><span class='ocrx_word' id='word_1_278' title='bbox 248 3339 289 3384; x_wconf 83' lang='lat'><strong>165</strong></span> <span class='ocrx_word' id='word_1_279' title='bbox 306 3323 388 3382; x_wconf 88' lang='lat' dir='ltr'><strong>runt.</strong></span> <span class='ocrx_word' id='word_1_280' title='bbox 412 3319 472 3382; x_wconf 87' lang='lat' dir='ltr'><strong>Sed</strong></span> <span class='ocrx_word' id='word_1_281' title='bbox 485 3337 556 3382; x_wconf 93' lang='lat' dir='ltr'><strong>cum</strong></span> <span class='ocrx_word' id='word_1_282' title='bbox 566 3319 668 3382; x_wconf 90' lang='lat' dir='ltr'><strong>vlteris</strong></span> <span class='ocrx_word' id='word_1_283' title='bbox 681 3319 890 3399; x_wconf 89' lang='lat' dir='ltr'><strong>perspexisset,</strong></span> <span class='ocrx_word' id='word_1_284' title='bbox 907 3318 983 3380; x_wconf 91' lang='lat' dir='ltr'><strong>vidit</strong></span> <span class='ocrx_word' id='word_1_285' title='bbox 992 3319 1024 3402; x_wconf 86' lang='lat' dir='ltr'><strong>in</strong></span> <span class='ocrx_word' id='word_1_286' title='bbox 1036 3319 1170 3398; x_wconf 90' lang='lat' dir='ltr'><strong>quadam</strong></span> <span class='ocrx_word' id='word_1_287' title='bbox 1184 3337 1278 3398; x_wconf 90' lang='lat' dir='ltr'><strong>parua</strong></span> <span class='ocrx_word' id='word_1_288' title='bbox 1289 3319 1374 3382; x_wconf 89' lang='lat' dir='ltr'><strong>stella</strong></span> 
     </span>
     <span class='ocr_line' id='line_1_34' title="bbox 304 3408 1372 3490; baseline -0.001 -19"><span class='ocrx_word' id='word_1_289' title='bbox 304 3408 403 3489; x_wconf 92' lang='lat' dir='ltr'><strong>quod,</strong></span> <span class='ocrx_word' id='word_1_290' title='bbox 427 3408 453 3472; x_wconf 91' lang='lat' dir='ltr'><strong>si</strong></span> <span class='ocrx_word' id='word_1_291' title='bbox 477 3427 532 3490; x_wconf 91' lang='lat' dir='ltr'><strong>per</strong></span> <span class='ocrx_word' id='word_1_292' title='bbox 555 3409 627 3472; x_wconf 90' lang='lat' dir='ltr'><strong>.Vll.</strong></span> <span class='ocrx_word' id='word_1_293' title='bbox 644 3408 711 3470; x_wconf 91' lang='lat' dir='ltr'><strong>dies</strong></span> <span class='ocrx_word' id='word_1_294' title='bbox 725 3409 765 3470; x_wconf 87' lang='lat' dir='ltr'><strong>ab</strong></span> <span class='ocrx_word' id='word_1_295' title='bbox 789 3408 874 3470; x_wconf 94' lang='lat' dir='ltr'><strong>omni</strong></span> <span class='ocrx_word' id='word_1_296' title='bbox 899 3408 995 3470; x_wconf 91' lang='lat' dir='ltr'><strong>verbo</strong></span> <span class='ocrx_word' id='word_1_297' title='bbox 1018 3408 1183 3470; x_wconf 90' lang='lat' dir='ltr'><strong>abstineret</strong></span> <span class='ocrx_word' id='word_1_298' title='bbox 1206 3408 1292 3486; x_wconf 94' lang='lat' dir='ltr'><strong>quod</strong></span> <span class='ocrx_word' id='word_1_299' title='bbox 1309 3425 1372 3471; x_wconf 94' lang='lat' dir='ltr'><strong>non</strong></span> 
     </span>
     <span class='ocr_line' id='line_1_35' title="bbox 305 3496 1373 3578; baseline 0.001 -19"><span class='ocrx_word' id='word_1_300' title='bbox 305 3499 493 3578; x_wconf 88' lang='lat' dir='ltr'><strong>loqueretur,</strong></span> <span class='ocrx_word' id='word_1_301' title='bbox 517 3497 608 3559; x_wconf 88' lang='lat' dir='ltr'><strong>vitam</strong></span> <span class='ocrx_word' id='word_1_302' title='bbox 625 3514 711 3559; x_wconf 90' lang='lat' dir='ltr'><strong>suam</strong></span> <span class='ocrx_word' id='word_1_303' title='bbox 729 3497 862 3574; x_wconf 89' lang='lat' dir='ltr'><strong>haberet,</strong></span> <span class='ocrx_word' id='word_1_304' title='bbox 885 3500 986 3558; x_wconf 89' lang='lat' dir='ltr'><strong>tamen</strong></span> <span class='ocrx_word' id='word_1_305' title='bbox 1007 3496 1094 3559; x_wconf 91' lang='lat' dir='ltr'><strong>omni</strong></span> <span class='ocrx_word' id='word_1_306' title='bbox 1110 3496 1161 3558; x_wconf 90' lang='lat' dir='ltr'><strong>die</strong></span> <span class='ocrx_word' id='word_1_307' title='bbox 1183 3497 1221 3558; x_wconf 93' lang='lat' dir='ltr'><strong>ad</strong></span> <span class='ocrx_word' id='word_1_308' title='bbox 1245 3514 1373 3576; x_wconf 87' lang='lat' dir='ltr'><strong>suspen·</strong></span> 
     </span>
     <span class='ocr_line' id='line_1_36' title="bbox 304 3585 1374 3665; baseline 0 -16"><span class='ocrx_word' id='word_1_309' title='bbox 304 3587 394 3650; x_wconf 89' lang='lat' dir='ltr'><strong>diurn</strong></span> <span class='ocrx_word' id='word_1_310' title='bbox 411 3585 573 3648; x_wconf 90' lang='lat' dir='ltr'><strong>duceretur</strong></span> <span class='ocrx_word' id='word_1_311' title='bbox 588 3589 617 3647; x_wconf 94' lang='lat' dir='ltr'><strong>et</strong></span> <span class='ocrx_word' id='word_1_312' title='bbox 632 3603 701 3648; x_wconf 94' lang='lat' dir='ltr'><strong>curn</strong></span> <span class='ocrx_word' id='word_1_313' title='bbox 718 3585 896 3648; x_wconf 83' lang='lat' dir='ltr'><strong>difficultate</strong></span> <span class='ocrx_word' id='word_1_314' title='bbox 911 3585 1087 3648; x_wconf 89' lang='lat' dir='ltr'><strong>saluaretur.</strong></span> <span class='ocrx_word' id='word_1_315' title='bbox 1119 3585 1283 3665; x_wconf 87' lang='lat' dir='ltr'><strong>Magistros</strong></span> <span class='ocrx_word' id='word_1_316' title='bbox 1299 3603 1374 3649; x_wconf 89' lang='lat' dir='ltr'><strong>suos</strong></span> 
     </span>
     <span class='ocr_line' id='line_1_37' title="bbox 305 3674 1373 3754; baseline -0.002 -16"><span class='ocrx_word' id='word_1_317' title='bbox 305 3675 429 3738; x_wconf 85' lang='lat' dir='ltr'><strong>uocauit</strong></span> <span class='ocrx_word' id='word_1_318' title='bbox 450 3679 479 3736; x_wconf 90' lang='lat' dir='ltr'><strong>et</strong></span> <span class='ocrx_word' id='word_1_319' title='bbox 501 3674 553 3737; x_wconf 88' lang='lat' dir='ltr'><strong>ait:</strong></span> <span class='ocrx_word' id='word_1_320' title='bbox 581 3674 767 3752; x_wconf 72' lang='lat' dir='ltr'><strong>„Karissimi</strong></span> <span class='ocrx_word' id='word_1_321' title='bbox 792 3692 860 3737; x_wconf 90' lang='lat' dir='ltr'><strong>ecce</strong></span> <span class='ocrx_word' id='word_1_322' title='bbox 883 3674 1014 3753; x_wconf 84' lang='lat' dir='ltr'><strong>stet-(BL</strong></span> <span class='ocrx_word' id='word_1_323' title='bbox 1038 3674 1174 3753; x_wconf 86' lang='lat' dir='ltr'><strong>t40r.)la</strong></span> <span class='ocrx_word' id='word_1_324' title='bbox 1197 3674 1247 3736; x_wconf 92' lang='lat' dir='ltr'><strong>illa</strong></span> <span class='ocrx_word' id='word_1_325' title='bbox 1270 3693 1373 3754; x_wconf 90' lang='lat' dir='ltr'><strong>parua,</strong></span> 
     </span>
     <span class='ocr_line' id='line_1_38' title="bbox 251 3762 1374 3844; baseline -0.001 -17"><span class='ocrx_word' id='word_1_326' title='bbox 251 3784 291 3829; x_wconf 86' lang='lat' dir='ltr'><strong>uo</strong></span> <span class='ocrx_word' id='word_1_327' title='bbox 307 3765 339 3826; x_wconf 94' lang='lat' dir='ltr'><strong>in</strong></span> <span class='ocrx_word' id='word_1_328' title='bbox 364 3781 426 3844; x_wconf 92' lang='lat' dir='ltr'><strong>qua</strong></span> <span class='ocrx_word' id='word_1_329' title='bbox 449 3763 520 3826; x_wconf 88' lang='lat' dir='ltr'><strong>satis</strong></span> <span class='ocrx_word' id='word_1_330' title='bbox 542 3767 645 3842; x_wconf 88' lang='lat' dir='ltr'><strong>aperte</strong></span> <span class='ocrx_word' id='word_1_331' title='bbox 669 3763 797 3826; x_wconf 90' lang='lat' dir='ltr'><strong>habetur</strong></span> <span class='ocrx_word' id='word_1_332' title='bbox 819 3762 914 3842; x_wconf 92' lang='lat' dir='ltr'><strong>quod,</strong></span> <span class='ocrx_word' id='word_1_333' title='bbox 942 3763 968 3826; x_wconf 92' lang='lat' dir='ltr'><strong>si</strong></span> <span class='ocrx_word' id='word_1_334' title='bbox 991 3763 1030 3826; x_wconf 92' lang='lat' dir='ltr'><strong>ab</strong></span> <span class='ocrx_word' id='word_1_335' title='bbox 1054 3763 1140 3826; x_wconf 92' lang='lat' dir='ltr'><strong>omni</strong></span> <span class='ocrx_word' id='word_1_336' title='bbox 1163 3763 1259 3826; x_wconf 87' lang='lat' dir='ltr'><strong>verbo</strong></span> <span class='ocrx_word' id='word_1_337' title='bbox 1282 3764 1374 3826; x_wconf 89' lang='lat' dir='ltr'><strong>absti-</strong></span> 
     </span>
     <span class='ocr_line' id='line_1_39' title="bbox 306 3851 1372 3932; baseline -0.001 -18"><span class='ocrx_word' id='word_1_338' title='bbox 306 3871 406 3915; x_wconf 90' lang='lat' dir='ltr'><strong>nuero</strong></span> <span class='ocrx_word' id='word_1_339' title='bbox 430 3869 485 3932; x_wconf 92' lang='lat' dir='ltr'><strong>per</strong></span> <span class='ocrx_word' id='word_1_340' title='bbox 508 3853 579 3915; x_wconf 90' lang='lat' dir='ltr'><strong>.Vll.</strong></span> <span class='ocrx_word' id='word_1_341' title='bbox 602 3851 677 3929; x_wconf 77' lang='lat' dir='ltr'><strong>dieS,</strong></span> <span class='ocrx_word' id='word_1_342' title='bbox 701 3852 791 3914; x_wconf 87' lang='lat' dir='ltr'><strong>vitam</strong></span> <span class='ocrx_word' id='word_1_343' title='bbox 817 3869 917 3913; x_wconf 88' lang='lat' dir='ltr'><strong>meam</strong></span> <span class='ocrx_word' id='word_1_344' title='bbox 941 3852 1072 3914; x_wconf 91' lang='lat' dir='ltr'><strong>habebo.</strong></span> <span class='ocrx_word' id='word_1_345' title='bbox 1118 3853 1182 3915; x_wconf 91' lang='lat' dir='ltr'><strong>Vos</strong></span> <span class='ocrx_word' id='word_1_346' title='bbox 1204 3853 1276 3914; x_wconf 92' lang='lat' dir='ltr'><strong>estis</strong></span> <span class='ocrx_word' id='word_1_347' title='bbox 1300 3853 1372 3915; x_wconf 91' lang='lat' dir='ltr'><strong>.Vll.</strong></span> 
     </span>
     <span class='ocr_line' id='line_1_40' title="bbox 306 3940 1373 4021; baseline 0 -18"><span class='ocrx_word' id='word_1_348' title='bbox 306 3941 457 4021; x_wconf 83' lang='lat' dir='ltr'><strong>magistri;</strong></span> <span class='ocrx_word' id='word_1_349' title='bbox 482 3957 591 4020; x_wconf 87' lang='lat' dir='ltr'><strong>parurn</strong></span> <span class='ocrx_word' id='word_1_350' title='bbox 615 3944 660 4003; x_wconf 92' lang='lat' dir='ltr'><strong>est</strong></span> <span class='ocrx_word' id='word_1_351' title='bbox 682 3940 806 4002; x_wconf 90' lang='lat' dir='ltr'><strong>cuilibet</strong></span> <span class='ocrx_word' id='word_1_352' title='bbox 820 3945 955 4002; x_wconf 90' lang='lat' dir='ltr'><strong>vestrum</strong></span> <span class='ocrx_word' id='word_1_353' title='bbox 979 3959 1049 4002; x_wconf 93' lang='lat' dir='ltr'><strong>curn</strong></span> <span class='ocrx_word' id='word_1_354' title='bbox 1065 3941 1217 4021; x_wconf 89' lang='lat' dir='ltr'><strong>sapiencia</strong></span> <span class='ocrx_word' id='word_1_355' title='bbox 1240 3958 1296 4003; x_wconf 90' lang='lat' dir='ltr'><strong>sua</strong></span> <span class='ocrx_word' id='word_1_356' title='bbox 1311 3959 1373 4003; x_wconf 89' lang='lat' dir='ltr'><strong>vno</strong></span> 
     </span>
     <span class='ocr_line' id='line_1_41' title="bbox 305 4029 1374 4109; baseline 0 -17"><span class='ocrx_word' id='word_1_357' title='bbox 305 4031 356 4093; x_wconf 93' lang='lat' dir='ltr'><strong>die</strong></span> <span class='ocrx_word' id='word_1_358' title='bbox 380 4048 431 4092; x_wconf 88' lang='lat' dir='ltr'><strong>me</strong></span> <span class='ocrx_word' id='word_1_359' title='bbox 455 4029 582 4092; x_wconf 89' lang='lat' dir='ltr'><strong>saluare.</strong></span> <span class='ocrx_word' id='word_1_360' title='bbox 624 4029 690 4109; x_wconf 82' lang='lat' dir='ltr'><strong>Ego</strong></span> <span class='ocrx_word' id='word_1_361' title='bbox 714 4045 788 4091; x_wconf 89' lang='lat' dir='ltr'><strong>vero</strong></span> <span class='ocrx_word' id='word_1_362' title='bbox 805 4033 916 4092; x_wconf 91' lang='lat' dir='ltr'><strong>octauo</strong></span> <span class='ocrx_word' id='word_1_363' title='bbox 939 4029 990 4091; x_wconf 92' lang='lat' dir='ltr'><strong>die</strong></span> <span class='ocrx_word' id='word_1_364' title='bbox 1014 4029 1124 4108; x_wconf 90' lang='lat' dir='ltr'><strong>loquar</strong></span> <span class='ocrx_word' id='word_1_365' title='bbox 1139 4033 1168 4090; x_wconf 94' lang='lat' dir='ltr'><strong>et</strong></span> <span class='ocrx_word' id='word_1_366' title='bbox 1190 4047 1249 4091; x_wconf 90' lang='lat' dir='ltr'><strong>uos</strong></span> <span class='ocrx_word' id='word_1_367' title='bbox 1264 4046 1374 4092; x_wconf 89' lang='lat' dir='ltr'><strong>omnes</strong></span> 
     </span>
     <span class='ocr_line' id='line_1_42' title="bbox 306 4117 1374 4196; baseline -0.004 -14"><span class='ocrx_word' id='word_1_368' title='bbox 306 4137 368 4182; x_wconf 92' lang='lat' dir='ltr'><strong>vna</strong></span> <span class='ocrx_word' id='word_1_369' title='bbox 403 4135 524 4180; x_wconf 91' lang='lat' dir='ltr'><strong>mecum</strong></span> <span class='ocrx_word' id='word_1_370' title='bbox 559 4117 786 4181; x_wconf 74' lang='lat' dir='ltr'><strong>saluabimini.“</strong></span> <span class='ocrx_word' id='word_1_371' title='bbox 847 4118 998 4196; x_wconf 85' lang='lat' dir='ltr'><strong>Magistri,</strong></span> <span class='ocrx_word' id='word_1_372' title='bbox 1033 4136 1104 4180; x_wconf 93' lang='lat' dir='ltr'><strong>cum</strong></span> <span class='ocrx_word' id='word_1_373' title='bbox 1139 4117 1255 4179; x_wconf 87' lang='lat' dir='ltr'><strong>stellam</strong></span> <span class='ocrx_word' id='word_1_374' title='bbox 1291 4117 1374 4179; x_wconf 86' lang='lat' dir='ltr'><strong>illam</strong></span> 
     </span>
    </p>
   </div>
   <div class='ocr_carea' id='block_1_5' title="bbox 0 0 1796 4884">
    <p class='ocr_par' dir='ltr' id='par_1_5' title="bbox 0 0 1796 4884">
     <span class='ocr_line' id='line_1_43' title="bbox 0 0 1796 4884; baseline 0 0"><span class='ocrx_word' id='word_1_375' title='bbox 0 0 1796 4884; x_wconf 95' lang='lat' dir='ltr'><strong> </strong></span> 
     </span>
    </p>
   </div>
  </div>
 </body>
</html>
