3584 4884
696 505 938 562 -129—

223 699 265 744 sis
281 679 466 758 opprimens
502 678 628 740 nauium
668 677 862 740 multitudine
896 695 1007 757 magna
1036 677 1146 740 diceris
1176 678 1347 758 imperator.

280 767 342 832 Sed
368 768 393 830 si
425 768 550 830 fortuna
579 767 657 830 circa
687 785 736 829 me
767 771 998 842 mansuesceret,
1028 766 1134 829 fierem
1167 767 1289 843 melior;
1319 771 1349 828 at

280 862 388 920 contra
412 875 478 936 quo
501 861 533 918 tu
557 855 753 933 fortunacior,
777 859 860 918 tanto
884 856 945 918 eris
967 855 1127 920 deterior.¹¹
1166 854 1349 918 Allexander

280 946 457 1026 respondit:
493 946 678 1010 „Fortunam
702 945 757 1008 tibi
781 945 916 1022 mutabo,
947 963 985 1007 ne
1008 944 1127 1007 malicia
1148 962 1205 1008 sue
1226 944 1349 1007 fortune

279 1036 336 1097 sed
362 1035 478 1096 meritis
501 1034 711 1096 asscribatur.u
761 1033 872 1114 Sicque
902 1034 1013 1096 ditatus
1042 1037 1087 1096 est
1117 1052 1172 1114 per
1198 1051 1279 1110 eum,
1310 1032 1349 1095 de

225 1144 265 1216 sao
282 1125 401 1186 latrone
426 1123 521 1185 tactus
544 1127 589 1186 est
611 1123 753 1203 princeps
779 1127 808 1185 et
831 1123 979 1186 mirabilis
1000 1123 1114 1185 zelator
1136 1123 1260 1185 iusticie.

633 1353 709 1434 Cap.
737 1363 798 1416 120
824 1355 882 1434 (Bl.
907 1356 999 1434 isa).

674 1474 718 1530 De
736 1491 822 1546 puero
842 1475 959 1547 Papyro.

374 1605 555 1668 Macrobius
578 1604 675 1680 refert,
699 1603 928 1684 quodquidam
953 1624 1029 1685 puer
1045 1623 1199 1682 romanus,
1224 1606 1349 1668 nomine

282 1695 433 1775 Papyrus,
465 1695 561 1756 semei
585 1711 655 1756 cum
680 1698 762 1774 patre
785 1699 923 1756 senatum
948 1695 1118 1774 sapientum
1143 1694 1273 1773 intrauit,
1297 1695 1349 1757 vbi

282 1783 445 1864 quoddam
463 1787 612 1846 secretum
630 1783 792 1845 consilium
817 1788 993 1864 preceptum
1010 1788 1055 1846 est
1069 1784 1128 1846 sub
1152 1802 1230 1864 pena
1245 1783 1350 1864 capitis

282 1872 442 1936 custodiri.
479 1871 624 1951 Cumque
641 1889 718 1951 puer
733 1877 811 1934 esset
834 1890 975 1935 reuersus
997 1872 1036 1935 ad
1060 1877 1186 1935 matrem
1210 1872 1349 1950 domum,

226 1982 268 2026 525
285 1963 534 2040 interrogatusa
562 1965 664 2038 matre,
697 1961 772 2040 quid
804 1961 948 2024 consules
978 1961 1157 2039 statuissent,
1190 1962 1230 2023 ait
1261 1979 1349 2041 puer:

286 2052 381 2114 „Non
407 2049 476 2112 licet
498 2050 587 2112 alicui
611 2049 721 2126 dicere,
753 2049 838 2129 quod
862 2051 922 2112 sub
946 2069 1023 2130 pena
1054 2051 1159 2130 eapitis
1186 2050 1351 2130 precipitur

283 2139 460 2202 occultari.¹¹
508 2138 648 2201 Audiens
671 2139 728 2201 hec
751 2143 845 2200 mater
873 2140 943 2219 ptus
966 2139 1079 2220 incepit
1101 2140 1251 2219 precibus,
1280 2157 1350 2220 pro

285 2227 397 2304 missis,
429 2227 521 2289 minis
545 2231 574 2288 et
596 2227 776 2290 verberibus
804 2245 934 2308 puemm
965 2228 1003 2290 ad
1032 2229 1255 2291 reuelaciouem
1278 2229 1350 2290 tanti

285 2317 393 2379 secreti
432 2315 587 2378 inclinare.
648 2316 785 2378 Tandem
825 2334 916 2396 puer,
959 2322 991 2380 vt
1028 2322 1153 2379 matrem
1193 2317 1350 2380 molestam

229 2425 270 2470 sao
286 2405 431 2468 euaderet
458 2409 488 2467 et
517 2409 665 2466 secretum
698 2409 819 2481 teneret,
850 2405 925 2466 dixit
955 2410 1054 2468 actum
1086 2424 1152 2468 esse
1183 2407 1215 2468 in
1245 2409 1350 2468 senatu

285 2495 464 2572 consilium,
499 2497 599 2556 vtrum
630 2493 668 2556 sit
699 2493 808 2556 melius
839 2494 869 2555 in
901 2494 1048 2569 futurum,
1079 2495 1165 2574 quod
1196 2513 1276 2557 vnus
1306 2495 1352 2556 vir

285 2584 377 2646 ducat
401 2583 505 2662 plures
528 2601 647 2660 vxores,
675 2583 722 2645 vel
746 2600 806 2644 vna
829 2582 940 2645 mulier
963 2583 1066 2663 plures
1088 2583 1171 2646 viros
1195 2585 1226 2645 in
1251 2584 1351 2646 matri-

287 2673 441 2735 monium.
489 2671 563 2744 Quo
587 2672 668 2735 dicto
693 2676 787 2734 mater
809 2671 875 2734 aliis
898 2671 1021 2735 feminis
1045 2673 1179 2735 romanis
1202 2677 1350 2735 secretum

287 2763 348 2824 hoc
372 2761 537 2841 proposuit
559 2761 646 2840 quasi
670 2779 787 2824 verum.
825 2761 927 2823 Altera
949 2761 999 2824 die
1022 2761 1136 2824 femine
1160 2779 1230 2824 cum
1253 2766 1352 2824 turma

230 2868 272 2913 aas
287 2855 440 2912 venerunt
462 2849 501 2911 ad
525 2854 662 2912 senatum
687 2850 821 2912 dicentes
849 2850 957 2930 pocius
979 2869 1070 2912 unam
1094 2851 1227 2928 duobus,
1258 2869 1350 2930 quam

286 2939 364 3001 duas
394 2938 528 3000 feminas
559 2939 674 3001 nubere
706 2939 759 3001 vni
790 2939 866 3002 viro.
913 2939 1073 3003 Senatores
1102 2959 1176 3003 vero
1208 2944 1352 3020 pauentes

287 3028 454 3090 verecundi
479 3045 571 3090 sexus
594 3028 770 3109 inpudicam
797 3029 971 3107 insani-(BL
996 3029 1132 3107 45v.)am
1156 3029 1351 3103 mirabantur,

287 3116 438 3196 quidnam
470 3117 559 3179 vellet
588 3121 668 3178 tanta
698 3117 881 3180 feminarum
913 3118 1116 3198 intemperies,
1149 3136 1212 3180 non
1237 3122 1351 3180 uttam

289 3224 383 3286 parue
418 3207 461 3268 rei
497 3205 684 3286 prodigium,
719 3210 748 3267 et
777 3210 837 3268 tam
866 3207 1038 3269 verecunda
1073 3207 1242 3286 postulacio
1276 3207 1351 3285 quid

232 3299 419 3357 insonaret.
468 3294 576 3357 Postea
606 3312 683 3374 puer
715 3294 852 3375 Papyrus
882 3296 959 3357 dixit
987 3296 1103 3358 senatui
1134 3314 1197 3357 rem
1227 3300 1352 3374 gestam.

290 3384 338 3445 De
362 3401 424 3462 qua
448 3383 506 3462 ipsi
532 3401 661 3462 puerum
686 3383 937 3447 commendantes
953 3389 1127 3460 statuerunt,
1150 3388 1182 3446 vt
1204 3384 1254 3447 hic
1277 3402 1354 3464 puer

288 3491 411 3552 semper
433 3472 553 3534 senatui
578 3473 735 3535 interesset
757 3477 786 3535 et
808 3473 885 3536 alius
910 3473 1013 3536 nullus
1037 3474 1067 3535 in
1084 3473 1237 3537 ,futurum

638 3703 713 3784 cap.
741 3705 800 3766 125
828 3704 886 3783 (ut.
912 3705 1007 3782 ran).

324 3822 367 3878 De
387 3821 500 3892 Ligurio
520 3821 612 3889 milite,
633 3823 681 3894 qui
700 3823 791 3894 coegit
809 3823 946 3896 populum
966 3823 1054 3878 iurare
1072 3826 1098 3878 et
1116 3839 1224 3881 seruare
1242 3824 1323 3896 leges

378 3969 490 4031 Narrat
506 3969 628 4048 Trogus
645 3969 812 4050 Pompeius
831 3970 870 4032 de
888 3970 1028 4049 Ligureo,
1052 3970 1149 4033 nobili
1173 3973 1275 4050 milite,
1300 3975 1367 4053 qui·

288 4059 442 4122 ciuitatem
467 4058 622 4136 quandam
646 4077 717 4120 cum
748 4059 865 4138 populo
895 4059 995 4122 iurare
1026 4060 1186 4122 induxerat
1207 4061 1245 4123 ad
1270 4079 1354 4124 seru-

233 4148 406 4210 usandum
432 4148 515 4226 leges
539 4147 686 4226 quasdam
719 4148 810 4209 iustas
833 4153 861 4209 et
884 4148 978 4225 vtiles,
1010 4149 1078 4211 licet
1106 4167 1224 4228 graues,
1255 4149 1355 4214 donec

288 4237 354 4317 ipse
393 4235 561 4316 Appolline
600 4235 720 4312 deifico,
760 4255 851 4315 quem
891 4237 957 4316 ipse
987 4238 1075 4298 tinxit
1104 4255 1169 4300 esse
1199 4242 1353 4301 auctorem

315 4354 430 4407 Uirich,
455 4354 593 4398 Lateinische
607 4353 741 4398 Novellistik
754 4355 792 4397 des
807 4353 955 4397 Mitteialters.
1195 4362 1211 4408 9
