3584 4884
699 468 943 527 -187-

287 640 318 700 et
340 656 397 718 per
417 637 623 718 iuramentum
652 640 869 719 constringens
899 658 971 703 eum
1002 658 1041 702 ne
1059 640 1212 720 'cuiquam
1241 639 1273 701 in
1296 638 1358 701 vita

287 744 346 789 sua
368 727 481 790 tactum
508 744 601 791 suum
629 728 783 791 revelaret
830 728 879 792 De
901 728 1032 792 consilio
1046 728 1130 807 eius,
1160 746 1219 792 suo
1242 727 1356 809 hospiti

230 832 274 879 am
289 815 493 879 manifestavit
521 816 593 896 quis
620 821 712 894 esset,
741 821 863 880 etcum
887 817 983 894 multi,
1015 821 1098 897 patre
1128 818 1194 896 eius
1224 821 1356 894 mortuo,

288 921 349 984 pro
383 904 515 985 imperio
546 905 707 985 litigarent,
745 924 784 969 eo
816 906 905 985 qnod
939 924 1004 969 non
1039 906 1226 969 inveniretur
1259 906 1357 982 heres
1404 928 1407 933 ¹

288 992 453 1073 imperium
489 994 627 1074 repetivit
660 999 690 1057 et
722 994 865 1059 obtinuit.
913 994 1021 1059 Faenus
1050 998 1151 1057 auum
1183 996 1356 1076 imperator,

287 1081 399 1144 videns
424 1082 584 1145 hominem
614 1083 673 1146 Dei
701 1084 841 1164 conspui,
871 1083 1029 1163 flagellari,
1055 1087 1122 1159 etc,
1153 1101 1210 1147 nec
1238 1083 1358 1146 audens

288 1174 428 1251 propter.
452 1189 546 1235 suum
585 1172 792 1251 juramentum
830 1172 920 1252 signa
958 1170 1183 1251 recognicionis
1221 1172 1357 1248 exibere,

231 1275 275 1321 eoo
290 1258 446 1323 uberrime
473 1260 568 1323 eciam
598 1261 678 1323 inter
703 1261 811 1342 epulas
840 1262 942 1338 flebat,
972 1261 1020 1325 vel
1051 1260 1145 1324 eciam
1178 1260 1305 1341 quando
1328 1260 1356 1323 ei

287 1346 385 1411 illatas
408 1348 535 1427 injurias
556 1349 707 1413 audiebat
754 1349 899 1424 Quadam
922 1353 1023 1413 autem
1046 1349 1106 1428 die,
1129 1366 1200 1413 cum
1221 1348 1359 1413 audisset

287 1436 409 1500 bonum
433 1436 520 1500 illum
544 1438 662 1501 tatnum
685 1438 873 1516 defunctum,
896 1438 1028 1519 prosiliit
1042 1441 1072 1521 et
1089 1438 1128 1501 ad
1145 1438 1239 1502 funus
1254 1438 1357 1515 currit,

287 1524 369 1588 flens
391 1530 422 1588 et
443 1531 559 1607 patrem
581 1544 674 1590 suum
698 1527 900 1607 proclamans,
929 1526 1094 1591 revelando
1117 1526 1231 1590 tactum
1254 1544 1357 1605 suum.

289 1614 415 1677 inventa
437 1619 484 1678 est
504 1620 605 1679 autern
629 1616 763 1694 quedam
786 1620 868 1679 carta
889 1616 921 1678 in
939 1634 1032 1679 manu
1056 1616 1131 1694 ejus,
1155 1616 1186 1678 in
1210 1619 1359 1696 quaerat

231 1718 275 1765 aon
289 1702 437 1783 scripturn
469 1704 540 1783 quis
569 1709 599 1767 et
627 1704 712 1768 unde
742 1709 829 1782 esset,
863 1710 893 1769 et
923 1723 1018 1785 quare
1051 1705 1095 1768 sic
1124 1722 1158 1768 se
1177 1704 1357 1784 abiecisset.

289 1792 459 1872 imperator
478 1797 590 1870 autem,
613 1812 651 1855 ex
674 1811 737 1857 una
758 1798 844 1874 parte
857 1794 954 1857 funus
977 1798 1110 1874 portans,
1134 1812 1205 1856 eum
1230 1793 1358 1857 honori-

288 1879 348 1943 tice
377 1880 499 1961 sepeliri
528 1881 607 1960 tecit,
639 1887 669 1945 et
696 1882 797 1963 ipsum
823 1882 981 1947 Dominus
1011 1882 1106 1945 multa
1136 1882 1357 1946 miraculorum

287 1969 388 2048 gloria
410 1968 573 2034 decoravit

669 2117 719 2176 1⁶.
768 2112 986 2193 [=S.155.]

380 2237 417 2299 Et
438 2240 511 2300 nota
532 2236 629 2317 quod,
652 2255 722 2301 cum
738 2236 866 2317 quidam
882 2237 1010 2300 clericus
1031 2236 1220 2300 sanctissime
1235 2237 1358 2314 viveret,

231 2342 274 2387 no
290 2325 340 2404 ita>
364 2325 452 2404 quod
486 2325 514 2388 ei
549 2325 702 2405 dyabolus
736 2325 901 2403 invideret,
939 2325 1114 2405 procuravit
1146 2330 1176 2388 et
1209 2326 1359 2389 laboravit

289 2414 469 2494 temptando
489 2414 624 2477 eundem
648 2414 734 2494 quod
758 2414 789 2477 in
814 2418 970 2495 peccatum
986 2432 1079 2494 grave
1102 2418 1181 2478 esset
1203 2414 1356 2496 delapsus.

290 2502 374 2566 Cum
397 2507 498 2566 autem
522 2502 676 2585 dyabolus
698 2503 788 2566 vellet
809 2520 881 2565 eum
906 2502 1105 2581 contundere,
1138 2508 1175 2581 et,
1202 2509 1359 2584 assumpta

290 2591 426 2654 bumana
458 2592 568 2673 specie,
603 2610 674 2655 eum
704 2610 807 2655 coram
841 2609 901 2655 suo
937 2592 1085 2673 episcopo
1118 2596 1295 2670 accusasset,
1329 2598 1359 2655 et

289 2680 442 2760 assignata
464 2685 543 2745 esset
572 2681 639 2744 dies
661 2681 692 2743 in
721 2698 784 2761 qua
810 2698 871 2762 que
893 2679 1023 2744 'dicebat
1052 2680 1360 2761 dyabolus-debebat

233 2785 277 2832 nn
293 2770 433 2849 probare,
456 2769 589 2833 atterens
612 2774 707 2833 cartas
729 2787 801 2833 suas
823 2788 927 2833 coram
949 2769 1060 2849 judice,
1092 2770 1122 2831 in
1146 2769 1262 2849 quibus
1284 2788 1358 2833 con-

290 2856 465 2921 tinebantur
495 2859 582 2922 locus
612 2862 642 2921 et
670 2862 792 2939 tempus
822 2862 852 2945 et
882 2861 1015 2939 persone
1047 2858 1162 2939 quibus
1191 2858 1359 2923 scientibus

290 2951 473 3027 peccaverat,
496 2946 596 3011 dictus
619 2947 754 3025 dericus,
785 2946 894 3010 videns
916 2964 950 3011 se
973 2947 1005 3009 in
1028 2951 1093 3010 arto
1117 2947 1261 3026 positum,
1284 2965 1358 3010 con-

290 3034 389 3099 fessus
412 3039 458 3099 est
476 3036 590 3112 omnia,
613 3035 725 3099 dolens
740 3039 770 3099 et
784 3053 964 3115 proponens
980 3054 1044 3099 non
1061 3036 1160 3099 redire
1175 3035 1213 3097 ad
1230 3040 1359 3116 peccata.

291 3122 374 3186 Cum
404 3128 505 3187 autern
538 3128 640 3188 essent
669 3141 772 3187 coram
802 3124 913 3203 judice,
944 3128 974 3187 et
1003 3124 1155 3205 dyabolus
1185 3124 1298 3187 diceret
1325 3142 1358 3187 se

235 3229 278 3275 rso
292 3212 406 3275 habere
429 3213 525 3276 multa
546 3218 652 3277 contra
682 3232 753 3276 eum
778 3230 839 3292 que
869 3217 987 3293 poterat
1009 3214 1140 3293 probare
1171 3231 1226 3293 per
1248 3212 1359 3293 scripta

289 3305 320 3363 et
341 3306 441 3378 testes,
472 3302 634 3365 revolvens
661 3302 772 3382 scripta
801 3319 864 3379 sua,
896 3302 1013 3364 invenit
1043 3302 1085 3365 ibi
1116 3302 1222 3365 omnia
1251 3302 1358 3381 deleta,

290 3388 409 3454 dicens:
446 3389 559 3456 „Certe
593 3390 687 3453 hodie
719 3394 804 3454 erant
838 3390 943 3453 omnia
974 3409 1035 3470 que
1070 3391 1220 3455 habebam
1254 3394 1359 3454 contra

290 3478 383 3542 istum
407 3478 457 3542 hic
479 3480 605 3561 scripta,
628 3478 683 3542 sed
708 3479 812 3542 nescio
835 3479 906 3559 quis
929 3478 1034 3542 omnia
1057 3480 1114 3542 hec
1137 3479 1277 3543 delevit.u
1315 3481 1358 3557 Et,

291 3568 353 3632 hoc
374 3568 466 3647 dicto,
490 3568 621 3633 evanuit
668 3567 807 3632 Clericus
829 3572 931 3630 autern
955 3568 986 3630 in
1015 3572 1131 3631 secreto
1155 3568 1360 3633 confessionis

235 3674 277 3721 aar
292 3658 398 3721 omnia
421 3657 478 3722 hec
500 3657 648 3738 episcopo
671 3656 810 3721 narravit

381 3747 454 3809 ltem
478 3747 590 3809 dicitur
611 3746 651 3807 de
674 3745 810 3825 quodam
841 3750 953 3808 sancto.
974 3748 1057 3826 patre
1084 3747 1180 3826 quod,
1211 3766 1282 3810 cum
1305 3748 1359 3815 ali·

290 3836 419 3915 quando
442 3839 522 3898 esset
551 3838 718 3914 occupatus
748 3834 779 3895 in
809 3834 888 3896 alico
920 3852 1014 3915 opere
1044 3853 1114 3898 cum
1148 3836 1299 3913 fratribus,
1331 3841 1361 3899 et

289 3923 466 3987 tradidisset
503 3923 653 3987 oblivioni
691 3921 793 3985 dicere
827 3940 941 3985 nonam
977 3942 1035 3987 suo
1065 3928 1204 4005 ternpore
1235 3928 1361 4006 propter

290 4012 547 4094 occupacionem,
592 4011 666 4074 vidit
703 4010 871 4091 dyabolum
912 4015 1115 4076 transeuntem
1154 4018 1223 4076 ante
1260 4030 1294 4077 se
1332 4018 1361 4077 et

236 4103 440 4166 inferentem
464 4118 563 4163 unum
587 4101 700 4163 librum
725 4100 892 4165 maximum
921 4100 960 4163 ad
990 4101 1119 4164 modum
1152 4102 1243 4165 rotuli
1267 4120 1361 4183 super

291 4192 457 4255 humerum
481 4207 582 4267 suum,
612 4190 666 4268 qui
688 4188 851 4268 videbatur
876 4206 1010 4268 magnus
1032 4190 1071 4252 ad
1101 4190 1230 4254 modum
1255 4191 1360 4268 turris;
