3584 4884
725 404 946 462 ..37-

297 574 402 636 venire
424 574 465 636 ad
488 574 650 638 civitatem.
673 610 715 621 —
738 577 774 638 Et
795 576 922 657 quidam
946 595 983 639 ex
1006 576 1119 640 nostris
1142 577 1229 640 illum
1252 594 1367 655 senem,

298 662 374 725 sicul
389 680 447 725 vos
460 668 595 726 vestrum
611 667 706 743 antea,
724 664 903 743 deriserunt,
919 670 949 728 et
964 684 1019 746 per
1029 666 1144 729 vadum
1161 667 1217 729 iter
1230 667 1368 746 aggressi

299 756 376 814 sunt
423 751 486 815 Sed
503 771 611 816 eorum
627 752 678 814 alii
695 753 797 817 socios
812 772 887 817 suos
902 754 1082 819 submersos
1098 754 1294 833 dimisemnt;
1316 755 1367 819 alii

251 858 287 903 sao
300 858 398 919 equos
409 845 441 903 et
451 841 585 905 sarcinas
597 841 797 922 perdiderunt
801 863 810 920 ;
822 842 949 922 quidam
958 861 1033 907 vero
1040 861 1162 923 pannos
1173 842 1367 923 madefactos,

298 930 347 991 alii
364 930 498 992 omnino
517 930 649 993 amissos
664 930 862 994 defleverunt.
909 930 940 996 6.
956 932 1017 996 Sed
1033 949 1091 995 nos
1106 937 1136 995 ei
1154 950 1249 995 senex
1263 936 1368 997 noster

298 1018 350 1097 qui
363 1036 421 1099 per
433 1023 561 1099 pontem
572 1019 769 1083 transivimus
784 1020 851 1083 sine
867 1020 1090 1102 impedimento
1105 1024 1136 1083 et
1149 1022 1268 1101 absque
1279 1022 1366 1085 omni

299 1106 503 1171 incommodo
519 1108 734 1188 processimus,
757 1112 786 1171 et
801 1127 854 1173 eos
874 1128 969 1190 super
988 1110 1086 1190 ripam
1106 1109 1247 1173 fluminis
1265 1109 1368 1174 adbuc

298 1195 444 1275 jacturam
461 1195 609 1260 deflentes
626 1198 804 1277 reperimus.
842 1198 969 1272 Quibus
988 1198 1143 1276 flentibus,
1167 1202 1198 1262 et
1216 1199 1319 1263 rastris
1338 1204 1368 1263 et

250 1300 288 1346 aas
301 1302 413 1364 sagena
434 1286 535 1349 undas
555 1286 641 1348 fluvii
658 1286 907 1367 perscrutanibus
929 1288 970 1351 ait
991 1305 1098 1351 senex:
1121 1287 1154 1351 Si
1170 1305 1225 1368 per
1240 1292 1366 1368 pontem

299 1374 463 1437 nobiscum
481 1376 696 1455 perrexissetis,
714 1394 776 1439 non
793 1376 833 1439 ita
847 1376 939 1439 vobis
959 1377 1143 1455 contigisset.
1161 1411 1205 1421 -
1223 1382 1251 1439 7.
1268 1376 1366 1439 Atilii

299 1462 454 1525 dixerunt:
477 1464 548 1526 Hoc
563 1464 749 1543 fecissemus,
766 1465 824 1528 nisi
841 1464 928 1544 quod
944 1465 1025 1527 viam
1040 1464 1160 1527 tardare
1175 1465 1366 1529 nolebamus.

306 1587 332 1595 -
352 1551 401 1613 nd
424 1552 501 1615 haec
519 1570 625 1617 senex:
649 1554 742 1617 Nunc
761 1572 835 1617 vero
856 1554 955 1633 magis
974 1553 1079 1616 tardati
1100 1554 1179 1618 estis
1198 1588 1230 1599 —
1250 1556 1285 1617 Et
1307 1554 1367 1617 illis

298 1640 407 1705 relictis
433 1641 501 1705 laeti
524 1642 765 1705 subintravimus
788 1646 891 1723 portas
914 1642 1010 1706 urbis.

728 1784 793 1847 XX.
842 1791 938 1849 1-8.

250 1931 287 1977 nn
392 1917 419 1969 1.
445 1908 570 1971 Dictum
593 1913 640 1972 est
659 1908 699 1971 de
719 1909 845 1973 duobus
860 1909 1069 1989 burgensibus
1088 1914 1118 1973 et
1140 1909 1254 1972 rustico
1276 1928 1367 1974 causa

300 1997 448 2060 orationis
464 1998 600 2061 illeccam
621 1997 814 2074 adeuntibus,
838 1998 925 2078 quod
947 2002 1049 2061 essent
1063 1998 1138 2061 socii
1154 1998 1251 2061 victus
1266 1997 1367 2063 donec

298 2086 438 2149 venirent
449 2104 548 2166 prope
561 2087 706 2163 Meccam,
721 2090 752 2149 et
766 2090 840 2150 tunc
854 2087 965 2150 defecit
975 2087 1020 2149 eis
1031 2088 1128 2165 cibus,
1144 2087 1184 2150 ita
1199 2087 1285 2167 quod
1302 2106 1365 2151 non

298 2175 445 2237 remansit
456 2174 499 2238 eis
512 2174 692 2256 quidquam,
710 2176 768 2239 nisi
780 2180 897 2238 tantum
914 2176 1029 2239 farinae
1044 2194 1106 2257 qua
1120 2176 1222 2240 solum
1236 2195 1364 2256 parvum

298 2282 409 2343 panem
426 2263 567 2326 facerent.
608 2272 635 2326 2.
654 2265 828 2344 burgenses
843 2282 918 2352 vero
934 2266 994 2328 hoc
1009 2265 1147 2328 videntes
1162 2265 1306 2327 dixerunt
1326 2266 1365 2329 ad

249 2376 285 2420 aas
298 2352 444 2415 invicem:
470 2352 582 2415 Parum
607 2353 696 2433 panis
718 2354 876 2432 habemus,
901 2358 931 2416 et
952 2358 1057 2417 noster
1079 2354 1209 2417 multum
1233 2354 1367 2417 comedit

298 2441 410 2505 socius.
450 2441 649 2523 Quapropter
669 2460 727 2506 nos
749 2447 871 2523 oportet
885 2442 999 2506 habere
1014 2443 1187 2521 consilium,
1203 2443 1366 2522 quomodo

298 2535 416 2610 partem
427 2531 516 2610 panis
527 2530 553 2593 ei
567 2530 686 2593 auferre
696 2532 859 2611 possimus,
872 2536 902 2594 et
912 2531 999 2611 quod
1009 2532 1170 2595 nobiscum
1182 2530 1366 2595 manducare

297 2618 398 2697 debet,
423 2619 482 2682 soli
505 2618 713 2683 comedamus.
734 2656 761 2664 -
784 2626 812 2683 3.
837 2620 960 2683 Deinde
982 2625 1164 2701 accepemnt
1186 2620 1365 2699 huiusmodi

297 2708 473 2785 consilium,
490 2709 576 2788 quod
593 2709 725 2771 facerent
739 2727 860 2789 panem,
876 2713 906 2772 ef
921 2714 1096 2788 coquerent,
1117 2713 1146 2771 et
1160 2709 1236 2771 dum
1252 2727 1365 2790 coque·

249 2802 382 2861 moretur
397 2796 576 2874 dormirent,
593 2801 622 2860 et
637 2798 779 2877 quisquis
794 2816 903 2861 eorum
921 2798 1109 2861 mirabiliora
1123 2798 1310 2861 somniando
1322 2798 1365 2861 vi-

297 2885 383 2949 deret
398 2886 485 2949 solus
501 2904 611 2966 panem
629 2887 810 2950 comederet.
850 2888 936 2949 Haec
949 2886 1113 2950 artificiose
1127 2886 1277 2963 dicebant,
1293 2887 1366 2966 quia

295 2975 470 3055 simplicem
495 2976 641 3038 rusticum
665 2975 703 3037 ad
728 2976 909 3054 hujusmodi
932 2975 1036 3039 fictitia
1056 2977 1210 3055 putabant,
1233 2979 1267 3037 ut
1286 2994 1366 3055 pane

297 3082 391 3143 quem
416 3064 549 3126 facerent
564 3069 684 3127 careret.
733 3066 769 3127 Et
791 3065 929 3127 iecemnt
944 3082 1069 3144 panem,
1093 3065 1304 3143 miseruntque
1332 3065 1364 3127 in

297 3152 403 3232 ignem
409 3173 417 3230 ;
434 3152 547 3217 deinde
558 3153 718 3233 jacuerunt
728 3158 762 3216 ui
773 3153 953 3217 dormirent
984 3161 1014 3215 4.
1031 3154 1070 3216 lit
1082 3154 1213 3216 rusticus
1225 3158 1366 3234 percepta

248 3259 284 3305 aas
298 3260 408 3305 eorum
424 3242 540 3320 astutia,
556 3242 781 3305 dormientibus
797 3242 889 3306 sociis
905 3241 944 3304 de
960 3242 1032 3321 igne
1046 3242 1133 3304 traxit
1148 3260 1258 3322 panem
1274 3243 1365 3305 semi-

297 3335 429 3408 coctum,
453 3331 594 3409 comedit,
618 3332 771 3394 etiterum
786 3331 887 3411 jacuit.
937 3332 1028 3395 Unus
1049 3335 1151 3393 autem
1172 3331 1211 3393 de
1231 3332 1365 3410 burgen-

297 3420 393 3495 sibus,
409 3419 488 3482 sicut
502 3438 615 3483 somno
632 3420 807 3500 perterritus
822 3424 908 3497 esset
925 3420 1086 3499 evigilavit,
1105 3420 1288 3499 sociumque
1311 3439 1365 3484 vo

297 3508 382 3571 cavit.
418 3508 507 3571 Tunc
521 3508 595 3571 alter
610 3508 649 3571 de
665 3510 872 3589 burgensibus
888 3509 941 3571 ait:
965 3508 1052 3582 Quid
1069 3510 1185 3572 habes?
1202 3544 1241 3553 -
1260 3509 1300 3571 At
1314 3509 1365 3572 ille

296 3598 410 3678 inquit:
437 3600 464 3660 5.
489 3597 631 3661 Mirabile
658 3599 815 3661 somnium
840 3597 913 3660 vidi.
960 3598 1039 3659 Nam
1068 3598 1144 3659 mihi
1168 3598 1268 3660 visum
1299 3598 1364 3677 fuit,

250 3702 285 3749 suo
298 3687 385 3767 quod
398 3686 464 3749 duo
480 3686 580 3766 angeli
592 3687 769 3767 aperiebant
781 3691 883 3768 portas
899 3686 985 3764 coeli,
1002 3691 1031 3749 et
1046 3705 1096 3749 me
1105 3690 1261 3749 sumentes
1272 3687 1365 3750 duce-

297 3776 370 3839 bant
392 3780 463 3839 ante
481 3776 595 3839 Deum.
616 3812 643 3821 -
666 3780 693 3837 6.
718 3776 778 3839 Cui
802 3776 918 3839 socius:
942 3775 1084 3838 Mirabile
1103 3776 1260 3839 somnium
1277 3776 1364 3855 quod

297 3864 412 3929 vidisti!
460 3865 501 3927 At
516 3882 575 3945 ego
590 3865 750 3941 somniavi,
775 3863 861 3945 quod
877 3883 895 3926 a
910 3863 1037 3927 duobus
1051 3864 1168 3943 angelis
1185 3883 1235 3927 me
1250 3863 1364 3927 ducen-

296 3955 377 4018 tibus
397 3959 428 4018 et
442 3960 553 4017 terram
570 3954 780 4017 scindentibus
797 3953 827 4015 in
845 3953 1000 4015 infernum
1017 3953 1155 4015 ducerer.
1172 3988 1199 3996 —
1219 3958 1247 4015 7.
1265 3952 1365 4021 Rusti·

295 4062 348 4107 cus
365 4044 427 4108 hoc
443 4046 541 4107 totum
557 4042 708 4120 audiebat,
725 4047 754 4105 et
768 4060 802 4105 se
817 4041 955 4105 dormire
969 4041 1114 4121 fingebat.
1151 4040 1213 4104 Sed
1231 4040 1364 4119 burgen-

249 4148 283 4195 un
296 4151 343 4197 ses
359 4132 480 4213 decepti
497 4131 639 4212 decipere
654 4131 798 4208 volentes,
816 4134 849 4193 ut
864 4130 1001 4210 vigilaret
1017 4130 1154 4206 rusticus,
1171 4133 1364 4191 vocaverunt
