3584 4884
829 455 1070 510 -124-

415 627 487 686 sunt
521 624 611 703 proni
644 623 835 687 ambulantes
864 630 896 686 vt
929 643 1064 704 peccora.
1112 627 1184 688 ltem
1215 626 1310 706 aliqui
1341 627 1486 690 homines

416 712 544 789 comuti,
577 730 652 775 naso
684 713 779 790 breui,
815 713 948 793 pedibus
978 714 1118 794 ospn'nis.
1165 716 1238 778 ltem
1270 715 1301 776 in
1333 715 1485 796 Ethyopia

361 819 402 865 ³40
418 801 560 864 homines
587 819 650 864 vno
683 802 761 882 pede
793 802 940 865 latissimo
970 807 1030 864 tam
1055 803 1184 881 veloces,
1215 808 1248 866 vt
1270 804 1381 867 bestias
1404 805 1484 867 inse-

416 894 562 968 quuntur.
611 891 643 952 ln
669 891 763 970 lndya
793 891 908 971 pigmei
940 892 1076 955 duorum
1107 893 1283 955 cubitorum
1314 893 1484 973 equitantes

417 997 512 1059 super
545 997 635 1058 yrcos
665 983 694 1041 el
724 998 794 1042 cum
825 980 956 1058 gruibus
990 981 1160 1060 preliantes.
1217 981 1333 1044 ibidem
1368 982 1484 1045 femine

417 1067 646 1147 quinquennies
662 1068 840 1148 concipiunt
855 1073 884 1131 et
907 1074 977 1132 octo
999 1070 1089 1133 annis
1110 1073 1227 1132 tantum
1250 1071 1368 1133 viuunt
1409 1073 1483 1133 ltem

416 1157 446 1218 in
473 1155 559 1218 lndia
581 1161 653 1219 sunt
674 1157 768 1237 aliqui
793 1157 936 1220 homines
951 1159 990 1221 Vl
1008 1177 1118 1221 manus
1133 1159 1281 1222 habentes
1295 1164 1325 1222 et
1339 1160 1484 1224 homines

360 1265 401 1309 345
417 1244 492 1307 nudi
517 1249 546 1307 et
568 1245 658 1325 pilosi
682 1246 714 1308 in
738 1246 866 1308 flumine
890 1251 1052 1311 morantes.
1088 1249 1160 1309 Item
1177 1248 1321 1311 homines
1337 1249 1367 1310 in
1385 1249 1483 1311 mani-

417 1335 476 1396 bus
505 1337 533 1396 et
564 1335 593 1396 in
624 1335 762 1414 pedibus¹
778 1336 816 1398 Vl
841 1335 956 1414 digitos
986 1337 1139 1399 habentes.
1187 1337 1247 1415 (ΒΖ.
1272 1338 1359 1417 36v.)
1408 1339 1482 1400 ltem

416 1423 559 1486 mulieres
588 1441 658 1486 cum
690 1424 794 1486 barbis
828 1442 926 1503 vsque
954 1424 994 1487 ad
1025 1430 1129 1504 pectus
1159 1425 1214 1488 sed
1250 1427 1346 1506 capite
1376 1427 1481 1506 planu.

417 1513 489 1574 ltem
526 1512 557 1574 in
595 1512 744 1592 Ethyopia
776 1513 815 1576 lV
846 1513 971 1576 occulos
1005 1514 1159 1577 habentes.
1207 1516 1240 1576 ln
1277 1515 1378 1596 Eripia
1410 1521 1484 1578 sunt

416 1599 558 1663 homines
588 1601 717 1663 formosi
741 1601 795 1664 sed
826 1602 923 1681 capite
954 1606 982 1664 et
1011 1603 1093 1665 collo
1123 1603 1235 1682 grvino
1265 1623 1335 1667 cum
1367 1605 1482 1668 rostris.

771 1796 846 1875 Cap.
872 1801 911 1859 98
938 1796 997 1874 (Βὶ.
1024 1797 1117 1876 sla).

632 1915 675 1972 De
693 1933 734 1984 eo,
756 1916 804 1988 qui
824 1933 873 1972 uas
892 1916 995 1972 ductile
1013 1917 1130 1972 vitreum
1149 1917 1259 1974 obtulit

358 2062 399 2108 uso
504 2044 654 2123 Tyberius
696 2046 847 2124 regnauit,
887 2046 940 2124 qui
983 2046 1072 2125 [ante]
1113 2051 1269 2126 sumptum
1314 2047 1480 2126 imperium

415 2132 552 2212 prudens
583 2133 717 2212 ingenio,
749 2135 848 2198 clarus
871 2135 1005 2213 eloquio,
1035 2136 1208 2198 fortunatus
1238 2137 1269 2198 in
1301 2136 1385 2198 bello
1413 2136 1480 2215 fuit,

413 2220 467 2282 sed
506 2225 612 2300 postea
647 2224 787 2286 resolutis
827 2223 939 2285 milicie
975 2224 1092 2288 artibus
1130 2225 1214 2287 nulla
1252 2225 1331 2288 bella
1368 2244 1480 2305 gerens

414 2309 564 2388 populum
583 2329 745 2373 romanum
763 2312 896 2391 grauiter
911 2313 1027 2388 afflixit,
1050 2313 1133 2377 tilios
1153 2315 1297 2394 proprios
1313 2314 1480 2394 pluresque

414 2397 578 2477 patricinos
601 2402 630 2460 et
653 2401 795 2462 consules
819 2401 974 2465 interiecit.
1019 2403 1268 2482 Temperanciam
1295 2403 1405 2466 abiecit
1426 2404 1478 2480 sic,

358 2504 398 2549 sss
414 2490 445 2548 vt
469 2486 521 2565 qui
545 2491 632 2549 antea
655 2488 740 2550 Nero
764 2489 923 2568 TyberiuS,
947 2508 1031 2553 nunc
1053 2492 1142 2554 Mero
1166 2492 1279 2557 Bibero
1302 2493 1477 2556 vocabatur.

287 2587 290 2596 ·
416 2575 497 2637 lluic
527 2575 652 2654 quidam
688 2577 793 2638 artilex
825 2595 879 2640 vas
914 2578 1043 2640 vitreum
1075 2580 1187 2642 ductile
1216 2599 1270 2644 seu
1302 2581 1479 2644 labncabile

412 2664 529 2744 optulit,
554 2665 639 2744 quod
663 2666 813 2745 Tyberius
836 2667 874 2728 ad
900 2668 1043 2746 parietem
1067 2670 1229 2749 proiciens,
1260 2688 1324 2732 non
1348 2669 1477 2732 tractum

412 2753 533 2816 sustulit
556 2754 610 2816 sed
634 2759 804 2817 curuatum.
852 2755 946 2833 lgitur
968 2758 1074 2819 artilex
1097 2759 1240 2820 malleum
1265 2759 1426 2839 proterens
1449 2764 1480 2822 et

412 2843 523 2904 vitrum
548 2843 795 2924 veludcuprum
819 2844 971 2907 fabricans
995 2864 1068 2908 mox
1091 2848 1229 2910 correxit.
1277 2849 1480 2927 lnterrogauit

357 2949 398 2995 sou
414 2936 513 2994 autem
538 2951 618 3008 eum,
642 2933 803 3012 quomodo
828 2934 887 2996 boc
911 2939 1013 3013 posset
1036 2954 1110 2998 esse.
1147 2936 1199 2998 llle
1222 2936 1297 2998 dixit
1320 2938 1477 2999 neminem

413 3021 492 3082 hanc
525 3026 618 3084 artem
654 3023 731 3085 scire
769 3040 861 3102 super
895 3027 1014 3085 terram.
1071 3023 1175 3098 Quem
1214 3026 1365 3106 Tyberius
1403 3044 1478 3089 mox

412 3110 554 3172 decollari
580 3111 666 3174 iussit
686 3112 803 3174 dicens:
831 3111 881 3176 „si
898 3112 955 3174 hec
968 3130 1018 3174 ars
1033 3114 1149 3175 venerit
1164 3114 1195 3175 in
1212 3114 1477 3192 consuetudinem,

413 3217 470 3278 pro
494 3199 608 3262 nichilo
633 3201 821 3280 reputabitur
843 3219 952 3262 aurum
977 3202 1024 3263 vel
1048 3207 1236 3281 argentum.u

761 3395 836 3474 Cap.
866 3402 925 3458 103
952 3396 1010 3475 (Bl.
1037 3398 1131 3476 38r.).

411 3511 454 3566 De
463 3513 565 3583 regina,
579 3530 635 3584 que
649 3515 683 3569 lll
698 3515 772 3570 lilios
783 3531 815 3569 ex
824 3515 960 3571 adulterio
970 3519 997 3571 et
1010 3517 1069 3572 le
1080 3517 1115 3572 de
1128 3517 1234 3574 semine
1247 3519 1318 3589 regis
1331 3520 1476 3591 pepererit.

499 3640 635 3714 Quidam
653 3661 705 3704 rex
722 3643 843 3720 nobilis,
867 3645 989 3724 sapiens
1012 3650 1103 3724 atque
1122 3645 1211 3710 diues
1226 3665 1352 3710 vxorem
1369 3649 1476 3712 habuit

355 3745 396 3792 sss
412 3727 614 3808 predilectam,
639 3749 699 3810 que
723 3733 823 3794 debite
847 3732 1022 3796 dileccionis
1046 3735 1199 3797 inmemor
1214 3741 1274 3798 tres
1297 3737 1379 3800 lilios
1401 3743 1476 3818 aput

410 3835 480 3880 eum
504 3820 617 3896 genuit,
649 3821 702 3898 qui
726 3839 848 3900 semper
871 3825 955 3882 erant
978 3823 1053 3900 patri
1077 3823 1206 3886 rebelles
1228 3829 1258 3886 et
1280 3825 1311 3886 in
1336 3826 1422 3888 nullo
1445 3827 1473 3890 ei

410 3906 533 3972 similes,
581 3908 703 3970 Deinde
726 3909 765 3972 de
794 3909 873 3987 regis
896 3911 1013 3972 semine
1036 3915 1178 3990 quartum
1203 3913 1301 3975 lilium
1326 3916 1474 3995 concepit,

411 3996 527 4076 peperit
557 4001 586 4059 et
615 3998 751 4060 nutriuit.
798 3998 916 4060 Accidit
944 4004 1055 4076 autem,
1089 4004 1120 4061 vt
1150 4019 1203 4062 rex
1232 4002 1321 4065 linito
1352 4003 1473 4066 dierum

410 4103 537 4148 suorum
574 4087 726 4150 curriculo
765 4091 934 4149 moreretur
972 4105 1147 4166 corpusque
1180 4107 1272 4151 suum
1312 4092 1343 4152 in
1379 4093 1473 4175 regali

355 4193 395 4238 sio
412 4175 602 4254 sarcophago
625 4175 822 4238 clauderetur.
859 4175 933 4236 Post
955 4175 1042 4236 cuius
1065 4177 1209 4254 exequias
1233 4179 1272 4240 lV
1288 4179 1343 4240 tilii
1366 4197 1473 4260 supra-
