3584 4884
850 451 1070 509 ..33-

428 624 570 693 Rusticus
593 643 668 689 vero
692 623 800 687 callide
823 628 853 687 et
874 624 953 687 sicut
975 624 1097 687 territus
1119 628 1199 687 esset
1225 624 1397 705 respondit:
1433 623 1499 698 Qui

427 718 499 776 sunt
514 714 568 793 qui
585 732 634 777 me
650 714 782 777 vocant?
802 748 829 756 —
850 713 889 775 nt
912 713 969 775 illi:
993 712 1075 777 Socii
1099 712 1142 775 tui
1166 730 1284 776 sumus.
1304 748 1330 756 —
1354 714 1390 774 Et
1409 713 1499 775 rusti-

428 820 482 866 cus
497 802 536 865 ad
553 820 608 867 eos
622 805 676 865 ait:
701 801 844 871 Rediistis
857 802 943 882 iarn?
964 838 991 846 -
1011 802 1051 864 m
1066 802 1109 863 illi
1126 806 1244 865 contra:
1268 801 1343 875 Quo
1364 802 1499 881 perrexi-

429 909 506 968 mus,
531 891 615 955 unde
631 890 731 954 redire
746 890 940 953 debeamus?
964 926 1007 936 -
1033 898 1061 954 8.
1077 890 1127 953 Ad
1143 891 1219 954 baec
1238 891 1381 953 rusticus:
1405 890 1500 953 Nunc
1555 942 1559 947 .

373 992 414 1039 noo
429 980 529 1043 visum
546 985 592 1044 est
607 980 691 1059 milri,
715 978 802 1060 quod
818 979 883 1042 duo
904 980 1005 1059 angeli
1027 998 1125 1042 unum
1146 998 1183 1042 ex
1199 980 1289 1043 vobis
1308 978 1500 1059 accipiebant

427 1073 457 1132 et
475 1070 651 1150 aperiebant
671 1073 774 1150 portas
794 1068 880 1147 coeli,
904 1073 934 1131 et
953 1068 1108 1132 ducebant
1128 1072 1198 1131 ante
1219 1069 1332 1131 Deum.
1373 1068 1498 1131 Deinde

427 1158 521 1221 alium
537 1158 726 1239 accipiebant
741 1157 806 1219 duo
822 1158 923 1237 angeli
942 1158 1026 1238 [alii],
1043 1162 1072 1221 et
1086 1162 1189 1237 aperta
1200 1161 1279 1220 terra
1290 1157 1445 1220 ducebant
1459 1156 1499 1219 ad

428 1246 592 1309 infernum.
639 1248 674 1309 Et
689 1247 738 1310 his
753 1246 826 1309 visis
842 1247 987 1326 putabam
1005 1251 1148 1309 neutrum
1165 1264 1232 1309 esse
1247 1250 1419 1309 vestrorum
1435 1246 1498 1325 jam

427 1336 561 1415 amplius
584 1336 764 1399 rediturum.
811 1334 944 1414 Surrexi,
968 1340 998 1398 et
1020 1354 1131 1416 panem
1156 1335 1286 1398 comedi.
1318 1370 1344 1379 —

851 1477 931 1539 xxi.
980 1482 1073 1539 1-8.

374 1613 415 1660 555
522 1610 550 1667 t.
567 1590 708 1664 Narravit
719 1601 795 1664 mibi
812 1600 956 1680 magister
967 1619 1055 1664 meus
1067 1601 1222 1682 quendam
1236 1620 1340 1680 regem
1353 1601 1499 1664 habuisse

428 1690 590 1755 incisorem
614 1708 722 1767 unum,
747 1690 800 1770 qui
824 1689 965 1753 diversos
990 1690 1120 1754 diversis
1143 1690 1170 1752 ei
1194 1690 1388 1770 temporibus
1410 1693 1500 1769 aplos

428 1779 581 1843 incidebat
612 1798 741 1861 pannos.
801 1779 853 1841 ille
890 1783 991 1841 autem
1028 1779 1198 1859 discipulos
1228 1783 1348 1841 sutores
1381 1778 1498 1855 habuit,

429 1887 563 1949 quorum
594 1868 726 1949 quisque
756 1868 919 1931 artificiose
949 1868 1055 1931 suebat
1084 1868 1171 1948 quod
1202 1867 1353 1947 magister,
1384 1867 1500 1930 incisor

430 1959 519 2038 regis,
542 1958 705 2021 artificiose
728 1957 893 2021 scindebat
933 1958 1012 2020 lnter
1034 1974 1116 2037 quos
1138 1975 1221 2019 unus
1243 1961 1306 2019 erat
1328 1956 1500 2035 discipulus
1555 2016 1558 2019 ,

375 2060 415 2105 ovo
431 2048 557 2111 nomine
581 2048 717 2124 Nedui,
741 2047 795 2126 qui
820 2046 922 2109 socios
943 2050 1006 2109 arte
1028 2046 1145 2109 sutoria
1166 2046 1337 2126 superabat.
1384 2053 1413 2109 2.
1436 2044 1499 2108 Sed
1616 2099 1623 2106 .

429 2135 480 2199 die
503 2136 580 2199 festo
603 2136 742 2198 veniente
766 2154 818 2197 rex
841 2153 970 2199 suorum
995 2135 1158 2198 incisorem
1179 2152 1353 2214 pannomm
1369 2134 1499 2211 vocavit,

429 2228 458 2286 et
477 2224 624 2304 pretiosas
642 2228 740 2286 vestes
758 2224 816 2287 sibi
836 2228 865 2286 et
883 2224 1085 2287 familiaribus
1100 2223 1272 2303 praeparari
1289 2223 1390 2302 jussit;
1411 2223 1499 2302 quod

429 2317 463 2374 ut
485 2312 572 2375 citius
595 2316 624 2373 et
650 2312 717 2374 sine
749 2311 972 2391 impedimento
1002 2313 1096 2389 fieret,
1127 2330 1225 2374 unum
1256 2311 1296 2375 de
1326 2311 1500 2375 camerariis

430 2400 502 2477 suis,
526 2401 713 2476 eunuchum,
736 2400 824 2479 cujus
847 2400 878 2461 id
902 2405 965 2463 erat
987 2401 1136 2477 officium,
1159 2401 1317 2463 sutoribus
1338 2399 1499 2462 custodem

375 2502 415 2548 555
430 2488 556 2566 addidit,
581 2493 609 2551 et
632 2493 665 2551 ut
688 2507 795 2551 eorum
820 2507 931 2552 curvos
961 2508 1083 2569 ungues
1112 2490 1295 2567 observaret,
1326 2493 1355 2551 et
1385 2489 1428 2551 eis
1457 2489 1500 2551 ad

429 2578 643 2641 sufficientiam
675 2578 843 2641 necessaria
873 2578 1064 2657 ministraret,
1097 2578 1223 2658 rogavit
1277 2585 1307 2641 3.·
1340 2577 1401 2641 Sed
1436 2596 1501 2640 una

429 2667 549 2729 dierum
581 2667 710 2729 ministri
742 2667 874 2729 calidum
908 2685 1018 2747 panem
1042 2671 1071 2729 et
1093 2667 1156 2729 mel>
1177 2686 1248 2730 cum
1279 2666 1346 2729 aliis
1375 2667 1500 2729 ferculis

429 2756 553 2818 incisori
584 2759 613 2817 et
643 2756 734 2818 sociis
766 2756 993 2819 comedendum
1023 2756 1186 2833 dederunt,
1226 2761 1256 2818 et
1284 2756 1338 2835 qui
1374 2755 1501 2818 aderant

431 2845 593 2908 comedere
627 2848 801 2925 coeperunt
863 2845 988 2919 Quibus
1023 2845 1218 2926 epulantibus
1250 2845 1411 2907 eunuchus
1443 2844 1498 2907 ait:

375 2950 415 2995 nso
432 2934 537 3007 Quare
559 2934 683 2996 absente
714 2933 845 2995 Nedui
873 2934 1042 3011 comeditis,
1073 2952 1130 2996 nec
1152 2952 1223 2996 eum
1247 2934 1430 3013 expectatis?
1456 2968 1496 2978 -

430 3023 576 3102 Magister
599 3022 710 3102 inquit:
735 3021 818 3095 Quia
841 3023 901 3084 mel
923 3041 986 3085 non
1005 3022 1186 3100 comederet,
1210 3022 1299 3085 etiam
1323 3023 1349 3083 si
1372 3022 1499 3085 adesset.

435 3113 523 3174 -Et
545 3111 754 3175 comederunt.
791 3121 819 3174 4.
837 3110 960 3174 Deinde
975 3112 1058 3174 venit
1080 3111 1214 3188 Nedui,
1238 3110 1292 3190 qui
1315 3112 1368 3172 ait:
1393 3111 1500 3184 Quare

430 3220 480 3264 me
502 3202 627 3264 absente
651 3200 834 3278 comedistis,
858 3218 916 3263 nec
937 3200 1014 3262 mihi
1038 3205 1153 3279 partem
1177 3217 1277 3261 meam
1302 3200 1499 3263 reservastis?

436 3324 468 3335 —
497 3291 664 3353 Eunuchus
694 3289 828 3352 adhoc:
861 3290 1008 3369 Magister
1035 3294 1108 3351 tuus
1130 3288 1213 3365 dixit,
1237 3288 1325 3366 quod
1348 3289 1408 3351 mel
1432 3306 1499 3351 non

375 3392 416 3439 uss
431 3378 616 3455 comederes,
641 3378 729 3441 etiam
753 3378 779 3441 si
802 3378 933 3441 adesses.
965 3414 992 3421 -
1022 3378 1062 3439 nt
1085 3377 1135 3439 ille
1157 3377 1259 3454 tacuit,
1283 3381 1313 3439 et
1335 3377 1499 3457 quomodo

430 3466 575 3544 magistro
606 3484 665 3529 suo
696 3468 756 3531 hoc
786 3486 1020 3547 recompensare
1049 3470 1153 3547 posset
1182 3466 1333 3545 cogitavit
1380 3467 1416 3527 Et
1438 3466 1500 3530 hoc

429 3554 521 3629 iacto,
565 3554 710 3633 magistro
743 3556 880 3632 absente,
918 3556 1050 3619 Nedui
1084 3559 1196 3618 secrete
1230 3554 1307 3616 dixit
1340 3555 1498 3617 eunucho:

431 3642 583 3705 Domine!
621 3643 766 3722 Magister
796 3662 883 3705 meus
913 3663 1004 3725 saepe
1027 3644 1192 3724 phrenesin
1216 3644 1341 3723 patiens,
1371 3662 1499 3705 sensum
1625 3688 1632 3703 ,

430 3730 537 3811 perdit,
561 3735 591 3793 et
613 3730 775 3794 indiscrete
798 3732 1026 3795 circumstantes
1049 3733 1189 3795 verberat
1209 3736 1261 3794 aut
1284 3732 1436 3794 interimit.
1459 3767 1493 3777 —

375 3837 416 3883 590
434 3822 461 3883 5.
485 3818 545 3882 Cui
563 3819 737 3883 eunuchus:
761 3819 792 3883 Si
817 3820 926 3882 scirem
950 3821 1058 3884 horam
1083 3820 1210 3899 qnando
1233 3821 1261 3882 ei
1277 3820 1434 3899 contingit,
1458 3838 1499 3884 ne

430 3907 505 3988 quid
537 3908 608 3970 mali
639 3912 740 3987 ageret
769 3926 840 3971 eum
872 3908 999 3988 ligarem
1023 3912 1052 3970 et
1074 3909 1149 3970 loris
1179 3909 1430 3988 constringerem.
1462 3945 1490 3953 —

430 3998 518 4060 Tunc
541 3996 686 4059 Nedui:
711 3998 819 4072 Quum
842 3996 956 4060 videris
985 3998 1045 4059 buc
1074 4001 1103 4058 et
1130 3996 1203 4059 illuc
1229 3998 1438 4077 aspicientem,
1470 4003 1500 4061 et

429 4091 538 4149 terram
570 4086 714 4149 manibus
744 4086 968 4163 verberantem,
1000 4089 1029 4146 et
1059 4101 1116 4145 sua
1145 4085 1218 4147 sede
1248 4089 1439 4165 surgentem,
1469 4092 1501 4149 et

430 4192 590 4239 scamnum
619 4192 713 4253 super
743 4173 829 4254 quod
860 4172 945 4234 sedet
975 4188 1068 4232 manu
1100 4172 1280 4249 rapientem:
1315 4178 1389 4235 tunc
1420 4174 1500 4239 scias
1548 4233 1551 4237 .
