3584 4884
733 444 953 504 ..97-

304 621 423 680 constat
453 616 541 696 quod
571 635 680 697 parum
711 616 788 680 valet
818 618 915 681 homo
945 618 1012 680 sine
1042 618 1194 682 testiculis.
1240 619 1271 684 Si
1300 639 1375 700 ergo

248 725 377 769 moeum
409 705 557 768 testiculis
588 705 751 785 priuarem,
786 711 864 770 esset
894 707 988 769 michi
1023 707 1187 771 dedecus.¹¹
1241 709 1282 770 nt
1311 709 1375 771 illa:

308 796 365 860 „Et
395 813 456 874 ego
486 794 596 857 faciam
625 813 683 874 pro
715 799 768 858 tuo
796 797 936 858 amore!u
985 796 1091 859 Statim
1123 797 1278 861 testiculos
1309 797 1376 861 eius

305 882 449 960 abscidit;
473 884 535 946 hoc
558 883 637 946 tacto
654 883 781 946 canibus
796 885 835 946 ad
851 884 1113 948 commedendum
1138 886 1265 965 proiecit
1278 891 1308 949 et
1321 887 1374 949 ait:

308 974 390 1038 „lam
415 973 566 1035 rusticum
590 971 783 1052 deturpatum
807 973 838 1034 in
862 974 1001 1053 patibulo
1017 974 1208 1055 suspendel¹¹
1241 975 1306 1049 Qui
1321 976 1375 1038 ait:

308 1062 453 1126 „Bonum
477 1065 551 1124 est.u
600 1061 792 1140 Acceperunt
814 1079 927 1142 corpus
957 1062 1092 1126 defuncti
1120 1068 1150 1125 et
1177 1064 1208 1126 in
1237 1065 1375 1145 patibulo

250 1171 298 1216 uro
306 1150 545 1230 suspenderunt,
577 1155 606 1212 et
633 1151 677 1213 sic
703 1151 835 1213 saluatus
858 1156 903 1214 est
933 1151 1029 1214 miles.
1075 1152 1163 1215 Tunc
1184 1153 1226 1215 ait
1247 1153 1376 1216 domina

306 1239 408 1302 militi:
437 1239 489 1304 »Ο
515 1238 682 1316 karissime,
706 1239 765 1300 iam
790 1239 934 1302 liberatus
949 1258 983 1302 es
997 1242 1037 1303 ab
1053 1241 1139 1303 omni
1163 1241 1373 1306 tribulacione.

308 1329 338 1391 ln
354 1329 431 1391 tacie
448 1327 576 1390 ecclesie
592 1328 711 1390 bonum
728 1333 772 1390 est
788 1347 837 1390 me
852 1329 1069 1410 desponsare.u
1096 1330 1187 1394 Miles
1203 1331 1376 1410 respondit:

309 1419 441 1484 „Votum
458 1417 521 1479 deo
537 1417 595 1480 feci
608 1417 694 1497 quod
710 1421 739 1479 te
754 1417 876 1480 viuente
890 1417 981 1481 aliam
998 1437 1124 1481 vxorem
1142 1437 1205 1481 nou
1222 1419 1375 1482 ducerem.

307 1507 335 1570 Ο
351 1507 464 1570 misera
481 1511 511 1568 et
525 1523 620 1586 super
636 1523 744 1569 omnes
760 1507 904 1569 mulieres
919 1507 1102 1570 miserrima!
1132 1507 1213 1582 Quis
1227 1527 1374 1587 umquam

254 1600 333 1660 note
363 1596 394 1657 in
427 1613 558 1657 uxorem
590 1593 735 1657 duceret?
785 1595 883 1672 Miles,
916 1596 1042 1658 maritus
1071 1601 1150 1674 tuus,
1181 1615 1239 1677 pro
1269 1615 1376 1660 amore

306 1688 364 1762 tuo,
389 1684 520 1765 quando
545 1683 675 1746 darvum
700 1684 881 1762 sanguinem
903 1684 989 1764 digiti
1015 1686 1074 1764 (Βὶ.
1094 1692 1150 1748 171
1163 1688 1200 1764 ν.)
1223 1686 1266 1748 tui
1290 1686 1374 1763 vidit,

306 1793 358 1853 pre
380 1774 494 1836 dolore
518 1771 720 1849 moriebatur;
750 1777 782 1834 tu
810 1791 885 1836 vero
916 1778 986 1853 post
1014 1775 1070 1837 hec
1099 1793 1170 1837 eum
1200 1775 1374 1856 deturpasti,

306 1863 431 1942 quando
455 1862 566 1925 dentes
589 1862 657 1924 eius
681 1862 792 1939 eruisti,
815 1879 905 1925 aures
928 1866 958 1924 et
979 1863 1133 1926 testiculos
1155 1863 1318 1942 abscidisti,
1342 1865 1374 1926 in

305 1953 399 2033 oapite
423 1951 601 2014 vulnerasti.
650 1951 731 2024 Quis
754 1950 908 2031 dyabolus
930 1956 1001 2031 post
1023 1952 1080 2014 hec
1102 1957 1131 2014 te
1153 1951 1375 2033 desponsaret?

250 2040 361 2105 naseu
385 2041 537 2104 ammodo
570 2039 641 2102 talia
672 2057 734 2102 non
766 2040 965 2102 committes.u
1014 2040 1164 2104 Gladium
1195 2041 1321 2104 extraxit
1347 2045 1376 2104 et

304 2148 363 2192 vno
388 2131 449 2193 ictu
475 2133 566 2210 caput
594 2129 663 2191 eius
685 2129 858 2208 amputavit.

692 2355 744 2422 12.
781 2355 997 2442 ssulopatbua.

745 2478 787 2531 (ed.
802 2477 935 2534 oesteruy.)

704 2635 729 2687 t.
779 2573 978 2706 §aar

394 2753 465 2814 Fuit
486 2753 617 2832 antiquo
645 2755 784 2831 tempore
812 2769 864 2813 rex
892 2749 1019 2830 quidam
1048 2767 1179 2830 magnus
1202 2755 1231 2812 et
1258 2755 1375 2830 potens,

305 2842 358 2921 qui
382 2841 595 2920 congregandi
620 2839 779 2902 thesauros
798 2839 963 2901 maximam
987 2857 1090 2901 curam
1115 2839 1240 2915 habens,
1265 2857 1376 2918 magne

306 2930 535 3010 altitudinisque
564 2929 672 2991 turrim
696 2945 781 3006 auro,
811 2932 940 3007 argento
967 2928 1176 3008 preciosisque
1199 2927 1376 3008 quibusque

307 3020 400 3081 rebus
428 3037 527 3097 usque
558 3018 597 3080 ad
629 3035 787 3080 summurn
816 3017 991 3096 repleverat.
1038 3017 1179 3079 Habebat
1201 3021 1302 3078 autem
1326 3017 1376 3078 hic

273 3108 444 3184 smilitem,
476 3125 570 3187 quem
601 3107 633 3168 in
665 3106 768 3168 multis
798 3105 923 3167 fidelem
954 3109 1096 3186 expertus
1125 3105 1236 3183 iuerat,
1266 3105 1314 3168 cui
1347 3110 1376 3167 et

307 3197 407 3258 claves
422 3195 471 3258 sui
487 3195 641 3258 commisit
655 3195 797 3257 thesauri.
832 3194 871 3256 nt
886 3194 974 3256 miles
997 3195 1173 3258 thesaurum
1189 3193 1374 3257 servandum

307 3285 485 3364 suscipiens,
517 3302 587 3346 cum
616 3285 675 3346 iam
706 3283 809 3346 multis
836 3284 926 3345 annis
952 3283 1081 3346 evolutis
1109 3283 1214 3346 labore
1237 3287 1266 3344 et
1288 3283 1375 3345 senio

307 3373 421 3436 tractus
451 3377 541 3450 esset,
577 3391 634 3436 nee
664 3376 768 3453 posset
802 3373 861 3434 iam
897 3372 1062 3434 tumultum
1096 3390 1263 3450 curamque
1291 3372 1375 3433 curie

307 3463 471 3539 sustinere,
506 3479 609 3540 regern
646 3461 760 3524 obnixe
795 3461 935 3541 rogabat,
970 3460 1115 3540 quatinus
1144 3477 1200 3523 sue
1230 3460 1375 3540 deinceps

263 3569 288 3612 ro
309 3550 457 3613 debilitati
492 3551 699 3630 senectutique
732 3567 858 3630 parcens
895 3545 1003 3629 [15th
1036 3550 1135 3612 claves
1164 3549 1212 3612 sui
1242 3550 1374 3612 thesauri

308 3640 463 3720 reciperet,
487 3657 620 3718 eumque
635 3640 748 3702 sineret
762 3638 800 3700 ad
817 3638 974 3719 propriam
991 3639 1091 3701 redire
1107 3638 1236 3701 domum
1261 3639 1375 3701 liceret-

308 3747 370 3809 que
386 3729 414 3790 ei
432 3728 510 3790 inter
524 3727 606 3790 tilios
622 3728 775 3808 reliquum
792 3728 852 3790 vite
870 3727 1009 3808 quietum
1025 3728 1137 3790 ducere
1152 3733 1182 3789 et
1197 3727 1375 3790 iocundum.

309 3817 374 3886 Rex
409 3835 484 3880 vcro
519 3817 729 3893 considerans,
769 3816 855 3896 quod
893 3816 1113 3879 rationabiliter
1142 3817 1375 3894 necessarioque

309 3909 432 3986 peteret,
467 3923 537 3967 eum
569 3905 689 3986 magnis
719 3905 811 3968 donis
841 3909 870 3968 et
900 3905 1089 3981 muneribus,
1120 3909 1235 3967 mestus
1264 3910 1374 3980 tamen,

265 4013 289 4058 15
310 3995 395 4058 abire
418 3994 563 4075 permisit.
610 3994 749 4074 Receptis
772 3994 873 4073 itaque
896 3993 1033 4056 clavibus
1056 3998 1086 4056 et
1106 3993 1250 4055 thesauro
1273 3993 1374 4071 ipsum

309 4085 420 4146 iterum
459 4083 508 4145 alii
543 4082 695 4147 commisit
733 4081 928 4146 servandum.
978 4082 1069 4144 Miles
1105 4085 1206 4142 autem
1244 4080 1374 4142 domum

309 4173 438 4235 veniens
461 4189 563 4234 curam
579 4172 638 4236 sibi
654 4189 709 4234 sue
725 4171 839 4232 tamilie
854 4169 1002 4232 sollicitus
1018 4168 1222 4247 impendebat
1259 4166 1376 4228 Habuit

337 4291 452 4343 Ulricb,
469 4291 606 4335 Lateinische
620 4288 756 4334 Novellistik
770 4289 808 4332 des
828 4285 976 4330 Mittelalters.
1216 4284 1231 4332 7
