3584 4884
841 479 1063 535 ,70-

419 648 612 712 addiscere!u
649 649 768 711 arilli:
794 650 938 716 „Bonum
955 654 1000 713 est
1014 650 1209 713 consilium.“
1243 650 1348 714 Statim
1364 669 1487 714 cemen-

419 738 512 801 tarios
535 737 755 815 conduxerunt,
780 756 931 801 cameram
955 739 1106 818 lapideam
1122 739 1260 801 fecerunt
1274 743 1304 802 et
1326 740 1357 801 in
1381 739 1487 803 medio

365 846 393 892 au
421 828 530 890 lectum
560 827 646 907 pueri
675 832 854 907 posuerunt.
903 827 962 889 Per
992 845 1102 891 omnes
1132 846 1239 891 muros
1269 846 1387 891 camere
1412 830 1486 893 .Vll.

418 920 497 978 artes
527 916 726 995 scripserunt,
757 915 843 995 quod
874 934 953 996 puer
982 917 1068 979 omni
1099 920 1238 997 tempore
1267 921 1423 996 tamquam
1454 917 1486 980 in

419 1004 499 1067 libro
527 1004 606 1066 clare
633 1005 802 1067 doctrinam
831 1022 919 1067 suam
949 1004 1054 1068 videre
1084 1010 1196 1086 posset.
1244 1006 1381 1085 Magistri
1411 1024 1487 1069 vero

419 1093 542 1157 cottidie
565 1112 599 1155 ac
622 1094 693 1156 satis
716 1093 878 1173 diligenter
906 1093 993 1155 illum
1027 1094 1234 1157 instruxerunt
1261 1113 1317 1175 per
1344 1095 1486 1158 ordinem

420 1183 500 1246 bene
523 1200 578 1262 per
602 1183 675 1245 .Vll.
700 1200 808 1245 annos.
855 1182 962 1245 Finitis
985 1183 1057 1247 .Vll.
1081 1183 1171 1245 annis
1194 1184 1273 1245 inter
1293 1201 1327 1246 se
1350 1184 1487 1263 magistri

366 1290 406 1337 100
421 1271 575 1333 dixerunt:
611 1271 754 1335 „Bonum
782 1275 828 1333 est
854 1275 886 1333 vt
914 1272 1099 1352 discipulum
1131 1276 1270 1335 nostrum
1294 1276 1487 1352 temptemus,

420 1359 584 1439 quomodo
615 1360 646 1421 in
678 1360 816 1422 doctrina
845 1365 948 1423 nostra
979 1361 1184 1441 profecisset.‘⁴
1240 1361 1335 1423 Aiunt
1364 1379 1487 1424 omnes:

424 1449 566 1514 „Bonum
590 1452 662 1511 esra
699 1448 751 1509 Ait
774 1448 930 1512 Bantillas:
957 1450 1013 1513 „Er
1035 1450 1198 1529 quomodo
1222 1450 1392 1529 poterimus
1415 1468 1486 1512 eum

421 1537 594 1617 probareit
653 1536 703 1599 Ait
741 1537 858 1600 Catho:
900 1538 990 1617 „lpso
1025 1537 1197 1601 dormiente
1235 1556 1390 1619 ponemus
1427 1540 1487 1601 sub

421 1626 560 1705 quolibet
582 1642 678 1688 comu
703 1626 769 1688 lecti
793 1644 889 1688 vnum
913 1626 1022 1689 lolium
1047 1626 1137 1690 edere
1158 1632 1187 1689 et
1201 1632 1270 1689 ante
1293 1627 1403 1690 lectum
1420 1628 1488 1691 eius

367 1732 407 1778 105
421 1714 578 1793 stabimus,
602 1732 766 1795 quousque
788 1733 806 1776 a
829 1732 965 1795 sompno
988 1716 1132 1778 excitatus
1155 1716 1279 1778 tuerit!u
1312 1716 1408 1778 Aiunt
1430 1716 1486 1780 illi:

424 1804 566 1869 „Bonum
591 1807 636 1867 est
658 1804 852 1867 consilium.‘¹
888 1803 993 1867 Statim
1018 1804 1086 1884 ipso
1110 1805 1281 1867 dormiente
1296 1805 1371 1867 tolia
1393 1822 1487 1886 posu-

421 1896 518 1955 erunt.
571 1892 653 1955 Cum
684 1910 759 1955 vero
788 1910 807 1953 a
835 1910 971 1973 sompno
1000 1893 1145 1955 excitatus
1175 1897 1249 1970 erat,
1280 1894 1360 1957 miro
1391 1894 1487 1957 modo

421 1982 547 2045 occulos
570 1982 602 2043 in
625 1982 829 2044 summitatem
847 2000 966 2044 camere
981 1982 1083 2045 erexit.
1120 1982 1256 2061 Magistri
1274 1983 1334 2045 hoc
1349 1982 1487 2045 videntes

419 2070 574 2133 dixerunt:
613 2070 782 2147 momine,
817 2088 879 2149 qua
911 2070 950 2132 de
982 2088 1072 2133 causa
1110 2071 1235 2134 occulos
1268 2071 1312 2133 sic
1346 2072 1488 2152 superius

367 2177 407 2221 110
422 2158 556 2238 erigis?u
605 2159 643 2220 At
666 2158 728 2221 ille:
756 2159 890 2223 „Mirum
916 2177 980 2223 non
1004 2163 1057 2221 est.
1104 2160 1165 2221 Aut
1186 2160 1346 2223 summitas
1368 2178 1487 2223 camere

422 2247 562 2309 inclinata
585 2252 637 2325 est,
667 2250 719 2309 aut
740 2251 819 2309 terra
845 2248 905 2310 sub
934 2267 984 2310 me
1006 2249 1121 2311 eleuata
1149 2253 1220 2312 esta
1271 2249 1407 2328 Magistri
1431 2249 1488 2312 hec

421 2336 579 2397 audientes
609 2335 687 2397 inter
715 2354 748 2397 se
779 2336 934 2399 dixerunt:
968 2337 1019 2403 „si
1048 2356 1126 2417 puer
1155 2338 1210 2400 iste
1236 2338 1350 2414 vixerit,
1380 2338 1489 2417 aliquit

422 2424 525 2504 magni
549 2424 632 2486 erit.u
675 2424 796 2486 lnterim
813 2430 964 2487 venerunt
985 2426 1136 2506 sapientes
1158 2426 1196 2487 ad
1221 2426 1435 2506 imperatorem
1459 2430 1488 2489 et

422 2512 576 2575 dixerunt:
604 2512 769 2591 „Domine
792 2517 909 2576 tantum
933 2516 1057 2578 unicum
1081 2514 1180 2576 filium
1198 2514 1300 2577 habes.
1337 2515 1487 2578 Possibile

368 2619 408 2665 115
423 2606 467 2664 est
490 2606 523 2663 ut
546 2603 704 2679 moriatur;
732 2606 761 2664 et
784 2602 855 2666 ideo
879 2604 998 2666 bonurn
1022 2609 1067 2667 est
1088 2622 1215 2666 vxorern
1238 2605 1382 2684 accipere,
1406 2604 1487 2683 quia,

420 2690 446 2753 si
470 2690 556 2752 XXX
579 2690 662 2753 tilios
678 2691 813 2769 haberes,
838 2696 926 2771 potes
942 2710 1051 2755 omnes
1066 2692 1105 2754 ad
1126 2692 1253 2755 diuicias
1270 2706 1484 2773 promouere*¹

421 2778 471 2841 nit
500 2779 677 2858 imperator:
716 2780 780 2845 „lix
811 2799 875 2860 quo
905 2782 950 2844 sic
978 2786 1035 2859 est,
1066 2782 1182 2859 querite
1212 2781 1305 2843 michi
1335 2781 1486 2860 virginem

421 2868 598 2945 formosam,
615 2886 805 2948 generosam,
822 2870 1000 2949 graciosam,
1013 2874 1043 2932 et
1053 2888 1120 2931 eam
1131 2870 1162 2930 in
1171 2886 1297 2932 vxorem
1310 2870 1485 2950 accipiam*

423 2956 624 3019 Perrexerunt
647 2957 689 3019 illi
722 2976 774 3038 per
804 2976 897 3037 regna
925 2963 954 3020 et
976 2962 1078 3021 castra.
1127 2957 1263 3020 Tandem
1288 2958 1383 3021 tiliam
1407 2958 1488 3038 regis

368 3062 408 3109 rao
423 3044 546 3108 Castelli
570 3046 761 3123 inuenerunt,
786 3046 878 3109 nimis
902 3047 1069 3126 pulchram,
1093 3064 1185 3126 quam
1209 3046 1248 3108 ad
1272 3047 1486 3127 imperatorem

422 3134 583 3197 duxerunt.
619 3135 793 3215 imperator,
817 3154 888 3198 curn
905 3154 971 3197 eam
988 3135 1121 3211 vidisset,
1145 3140 1250 3215 captus
1265 3140 1310 3199 est
1326 3136 1357 3198 in
1373 3136 1488 3199 occulis

421 3223 497 3301 eius,
520 3224 552 3285 in
576 3228 692 3287 tantum
709 3224 795 3304 quod
819 3224 923 3287 omnis
943 3224 1035 3287 dolor
1058 3225 1117 3303 (BL
1137 3225 1245 3303 139ν.)
1271 3224 1369 3304 prime
1384 3225 1488 3287 uxoris

423 3312 551 3375 recessit.
608 3309 711 3376 Ambo
745 3313 784 3375 ad
820 3313 954 3375 inuicem
988 3312 1042 3375 diu
1076 3313 1218 3375 vixerunt
1251 3319 1280 3375 et
1314 3314 1488 3394 imperatrix

422 3401 583 3481 concipere
607 3418 671 3464 non
700 3403 805 3482 potuit,
836 3420 932 3481 quare
959 3402 1089 3464 mullum
1118 3401 1359 3464 contristabatur.
1405 3401 1486 3465 Cum

368 3508 409 3553 125
423 3508 497 3553 vero
520 3490 654 3553 audisset
676 3490 763 3569 quod
779 3490 946 3570 imperator
967 3494 1083 3553 tanturn
1100 3490 1224 3553 vnicum
1240 3490 1341 3552 tilium
1359 3491 1490 3554 habebat

422 3578 453 3640 in
478 3578 657 3657 longinquis
679 3579 815 3659 partibus
831 3597 902 3641 cum
920 3580 992 3643 ‚Vll
1007 3579 1196 3660 sapientibus
1217 3579 1256 3641 ad
1281 3580 1487 3661 nutriendum,

422 3666 668 3745 doctrinandum,
692 3666 771 3729 inira
793 3686 826 3730 se
848 3667 1013 3747 cogitabat:
1052 3667 1102 3735 „Si
1127 3667 1177 3730 ille
1200 3668 1337 3731 exinctus
1360 3673 1439 3731 esset
1460 3673 1489 3731 et

422 3772 481 3834 ego
505 3755 604 3817 lilium
629 3756 782 3832 haberem,
806 3756 890 3818 tilius
914 3774 1002 3819 meus
1025 3758 1113 3819 heres
1136 3760 1244 3819 essem
1288 3756 1337 3820 Ab
1360 3757 1414 3820 illo
1438 3756 1489 3819 die

422 3843 582 3923 cogitabat,
613 3844 775 3923 quomodo
803 3844 903 3906 tilium
936 3845 1108 3907 interimere
1130 3848 1243 3925 posset.
1289 3845 1408 3908 Accidit
1429 3864 1489 3908 vna

369 3936 513 3996 1aonocte
548 3933 647 4012 quod,
682 3951 752 3995 cum
788 3933 954 4013 imperator
984 3934 1016 3996 in
1047 3938 1140 3997 stratu
1171 3951 1229 3997 suo
1260 3934 1412 4013 iacuisset,
1448 3934 1490 3997 ait

423 4020 618 4101 imperatrici:
654 4022 810 4087 „Domina
837 4022 1004 4099 karissima,
1036 4023 1096 4085 iam
1124 4026 1274 4085 secretum
1302 4023 1405 4086 cordis
1428 4024 1489 4085 mei

422 4110 477 4172 tibi
501 4110 643 4189 aperiam.
683 4110 765 4175 Scire
788 4110 884 4173 debes
907 4111 994 4191 quod
1018 4128 1081 4174 non
1106 4115 1151 4173 est
1173 4115 1308 4174 creatura
1330 4112 1389 4174 sub
1413 4112 1488 4190 ce10,

423 4215 515 4277 quam
540 4198 638 4277 magis
665 4198 792 4279 diligam
816 4217 910 4279 quam
932 4203 990 4262 test
1037 4200 1077 4262 nt
1099 4199 1162 4261 illa:
1196 4200 1361 4278 „Domine
1391 4200 1417 4263 si
1445 4200 1490 4263 sic
