3584 4884
714 452 958 513 -165-

302 645 394 689 uxor:
429 628 521 691 „Non
545 631 591 690 est
613 646 729 705 verum,
760 627 813 690 sed
843 627 960 707 forcipe
983 632 1140 704 tonsum;a
1174 632 1202 689 et
1226 632 1370 707 ceperunt

303 716 358 777 diu
383 715 509 795 litigare.
542 715 680 778 Tandem
704 716 831 779 maritus
853 717 942 779 valde
965 716 1058 780 iratus
1079 715 1210 779 abscidit
1233 716 1369 795 linguam

302 804 418 867 uxoris
466 804 518 866 llla
546 805 766 868 nichilominus
795 822 866 869 cum
897 805 1001 884 digitis
1032 805 1165 885 forcipes
1195 804 1370 884 exprimens

301 894 395 971 signo
427 892 574 955 innuebat
604 892 690 972 quod
721 898 840 974 pratum
871 899 996 957 tonsum
1028 894 1125 957 luerat
1155 898 1276 957 etcum
1306 911 1369 957 non

246 998 289 1044 aas
304 986 410 1061 posset
432 1000 486 1045 ore
508 982 588 1062 cepit
607 982 709 1062 digitis
731 982 856 1062 litigare.
890 982 941 1046 Sic
956 982 1070 1047 iaciunt
1084 981 1210 1062 quidam
1228 981 1370 1045 monachi

302 1069 433 1149 quando
455 1070 500 1133 eis
523 1071 678 1133 silentium
702 1072 877 1151 imperatur.

665 1219 716 1276 23.
758 1212 896 1293 1=n0.
923 1212 1007 1291 230.)

393 1334 508 1397 Audivi
543 1336 582 1397 de
617 1335 749 1414 quadam
784 1354 877 1415 quam
913 1336 1038 1399 maritus
1072 1336 1139 1415 eius
1169 1337 1370 1415 custodiebat,

303 1425 343 1487 ita
371 1424 459 1503 quod
489 1441 660 1504 numquam
688 1425 756 1487 sine
786 1425 855 1504 ipso
886 1425 968 1487 illam
998 1424 1102 1504 egredi
1130 1425 1257 1489 sinebat
1304 1427 1371 1506 lpsa

302 1531 380 1576 vero
410 1512 490 1592 cepit
527 1513 684 1593 multiplex
714 1513 847 1592 cogitare
886 1512 1048 1593 quomodo
1083 1514 1241 1581 custodem
1278 1532 1369 1577 suum

248 1621 290 1665 rao
304 1606 412 1682 posset
442 1601 591 1681 decipere,
623 1606 653 1663 et
683 1602 806 1664 tandem
836 1602 1020 1682 significavit
1049 1602 1165 1665 amasio
1196 1620 1250 1666 seu
1284 1603 1370 1665 adul·

302 1695 371 1753 tero
393 1690 480 1770 quod
504 1694 671 1770 expectaret
693 1709 761 1753 eam
785 1690 816 1753 in
840 1690 973 1771 quadam
997 1692 1102 1754 domo.
1155 1691 1237 1755 Cum
1269 1696 1369 1755 autem

304 1779 419 1841 mulier
447 1783 517 1841 ante
544 1780 674 1842 domum
705 1780 787 1842 illam
816 1780 956 1858 venisset,
987 1780 1124 1860 permisit
1152 1798 1185 1843 se
1208 1780 1315 1845 cadere
1339 1782 1370 1842 in

303 1869 371 1931 luto
394 1886 509 1947 magno
523 1868 673 1931 simulans
688 1868 774 1948 quod
792 1868 991 1933 lubricassent
1013 1870 1107 1949 pedes
1123 1869 1197 1949 ejus.
1222 1869 1367 1950 Cumque

304 1962 367 2021 tota
382 1958 474 2022 vestis
489 1957 557 2036 ejus
571 1957 728 2038 inquinata
743 1958 858 2035 luisset,
881 1958 957 2020 dixit
973 1958 1081 2021 marito
1096 1975 1168 2021 suo:
1193 1960 1371 2039 “Expectate

145 2027 146 2040 ¹
248 2064 290 2109 aas
305 2046 358 2109 hic
379 2045 418 2107 ad
443 2045 577 2108 hostium
601 2046 674 2125 quia
696 2050 819 2127 oportet
838 2065 889 2109 me
916 2065 1026 2109 exuere
1050 2052 1079 2109 et
1101 2046 1251 2109 mundare
1274 2051 1371 2111 vestes

304 2152 397 2197 meas
446 2136 478 2196 ln
510 2134 608 2198 domo
638 2135 694 2198 hac
723 2154 817 2215 quam
852 2136 990 2215 ingressa
1020 2140 1182 2216 postquam
1216 2136 1269 2198 diu
1300 2154 1370 2199 cum

303 2223 456 2287 adulterio
478 2223 544 2299 tuit,
575 2223 645 2287 lotis
668 2224 802 2287 vestibus
831 2225 925 2287 exivit
946 2230 976 2287 et
998 2225 1037 2287 ita
1069 2224 1224 2287 maritum·
1244 2225 1371 2305 decepit.

665 2373 717 2429 24.
759 2366 812 2446 [=
837 2364 897 2429 No.
923 2366 1007 2447 231]

397 2490 446 2553 De
469 2490 519 2551 illa
541 2490 644 2552 audivi
668 2491 755 2571 quod
787 2491 904 2554 habens
934 2492 1075 2553 maritum
1107 2491 1182 2555 odio
1212 2490 1372 2554 inebriavit

305 2579 418 2659 ipsum,
449 2579 527 2641 sicut
556 2579 597 2641 de
627 2579 751 2643 filiabus
776 2580 852 2643 Loth
880 2579 992 2642 dicitur
1021 2579 1106 2659 quod
1146 2580 1373 2643 inebriaverunt

250 2686 291 2731 no
306 2672 423 2748 patrem
446 2685 548 2745 suum,
571 2672 602 2730 et
623 2668 745 2731 mittens
769 2687 826 2749 pro
849 2668 1010 2731 monachis
1025 2669 1104 2748 cepit
1124 2668 1198 2731 llere
1213 2673 1242 2731 et
1257 2668 1370 2731 dicere:

308 2757 407 2821 ‚Ecce
430 2757 556 2819 maritus
579 2775 667 2820 meus
694 2758 811 2820 laborat
840 2758 927 2836 quasi
957 2758 987 2819 in
1016 2757 1165 2834 extremis,
1195 2761 1225 2821 et
1254 2756 1372 2836 rogavit

305 2864 357 2907 me
380 2850 413 2907 ut
435 2845 540 2908 darem
568 2846 596 2909 ei
624 2846 775 2909 licentiam
807 2846 944 2909 habitum
972 2845 1177 2910 assumendi.u
1226 2845 1371 2909 Monachi

305 2952 382 2997 vero
403 2934 500 3013 gavisi
524 2939 596 2997 sunt
618 2953 657 2998 eo
684 2934 770 3015 quod
798 2940 877 2997 esset
900 2935 986 2997 dives
1008 2938 1038 2997 et
1060 2935 1171 2997 mulier
1194 2934 1289 2997 multa
1312 2934 1371 2997 illis

305 3022 395 3102 quasi
418 3041 455 3085 ex
479 3026 562 3103 parte
585 3023 641 3085 viri
673 3024 875 3103 promittebat.
922 3023 1004 3087 Cum
1035 3028 1136 3085 autem
1168 3023 1372 3087 totondissent

251 3130 292 3175 aas
306 3129 379 3173 eum
413 3116 444 3173 et
473 3112 502 3173 ei
538 3112 675 3175 habitum
707 3113 918 3175 monachalem
951 3112 1177 3192 imposuissent,
1212 3112 1263 3175 illa
1293 3112 1372 3193 cepit

306 3200 428 3280 plorare
456 3204 487 3263 et
515 3200 575 3262 alta
596 3218 671 3264 voce
694 3201 832 3279 clamare,
864 3202 904 3263 ita
927 3200 1013 3280 quod
1043 3200 1135 3263 vicini
1166 3219 1275 3265 omnes
1298 3219 1371 3264 con·

305 3293 474 3352 currerunt.
520 3289 665 3353 Monachi
689 3308 763 3352 vero
794 3294 944 3370 ponentes
976 3289 1134 3353 hominem
1164 3290 1249 3351 illum
1279 3308 1372 3369 supra

305 3377 488 3457 quadrigam
512 3378 667 3441 duxerunt
688 3378 728 3441 ad
756 3379 975 3441 monasterium
1000 3396 1100 3442 suum.
1147 3378 1239 3441 Mane
1261 3384 1371 3456 autem,

305 3467 427 3546 digesto
441 3467 525 3544 vino,
549 3467 646 3529 homo
661 3467 712 3529 ille
727 3468 871 3530 excitatus
890 3472 1053 3547 postquam
1070 3467 1101 3529 in
1119 3467 1223 3529 habitu
1241 3467 1370 3547 regulari

252 3574 341 3620 ronse
375 3556 509 3637 repperit
538 3560 568 3618 et
600 3556 679 3619 circa
707 3573 741 3618 se
776 3557 946 3619 monachos
980 3557 1011 3617 in
1047 3555 1143 3619 domo
1175 3556 1371 3619 intirmorum

305 3644 430 3724 aspexit,
454 3644 534 3724 cepit
555 3644 724 3707 contristari
748 3649 777 3707 et
799 3648 915 3707 mestus
938 3662 1012 3721 esse,
1035 3648 1186 3707 ettamen
1211 3664 1266 3725 pre
1288 3664 1372 3709 vere-

306 3733 418 3797 cundia
452 3737 481 3795 et
510 3732 695 3797 contusione
729 3733 829 3796 noluit
856 3733 896 3795 ad
924 3733 1055 3797 domum
1088 3733 1195 3811 redire,
1227 3734 1300 3814 quia
1332 3735 1371 3797 ab

307 3822 455 3885 omnibus
476 3826 613 3902 apostata
634 3821 792 3885 diceretur.

669 3966 720 4026 25.
761 3963 815 4043 [=
839 3964 899 4027 No.
924 3964 1008 4045 2381

398 4088 447 4150 1)1
478 4086 612 4167 quadam
639 4091 740 4150 autem
772 4088 859 4157 bona,
885 4088 1014 4151 muliere
1040 4088 1143 4150 audivi
1175 4087 1269 4167 quod,
1301 4106 1370 4149 cum

253 4193 293 4239 uo
308 4177 436 4239 maritus
458 4176 525 4255 ejus
547 4179 626 4239 esset
641 4176 672 4238 in
688 4194 806 4239 carcere
829 4182 859 4239 et
881 4176 1064 4257 precepisset
1079 4177 1106 4238 ei
1123 4176 1270 4239 dominus
1286 4175 1371 4254 quod
