3584 4884
1587 457 1981 513 -3-

1736 628 1835 689 Xl.

931 769 994 815 50
1041 752 1419 832 Tempestate
1466 756 1613 829 orta,
1661 769 1777 814 nos
1822 756 2115 815 ventosus
2160 751 2333 815 furor

1042 842 1106 902 in
1152 840 1410 903 vadosas
1455 841 1629 904 sirtes
1674 841 1861 903 nimis
1905 840 2102 903 fessos
2146 841 2285 921 egit,

1041 934 1100 992 et
1147 948 1264 993 nos
1310 947 1529 994 omnes
1573 930 1837 1009 graviter

1041 1019 1134 1082 sol
1183 1023 1393 1097 torret;
1439 1023 1498 1081 at
1543 1018 1644 1081 ille
1691 1023 1833 1082 tuus
1879 1022 2055 1081 natus
2100 1017 2489 1098 liquescebat.

1729 1196 1857 1257 Xll.

1044 1319 1146 1384 Sic
1191 1320 1490 1400 perfidam
1539 1320 1780 1384 Suevus
1826 1320 2155 1400 coniugem
2202 1318 2519 1395 deluserat,

930 1428 994 1473 55
1042 1409 1132 1471 sic
1175 1410 1341 1472 fraus
1385 1410 1664 1473 fraudem
1711 1410 1951 1473 vicerat.

1045 1515 1188 1560 nam
1236 1516 1419 1578 quem
1467 1499 1682 1579 genuit
1717 1500 1839 1575 nix,
1888 1503 2045 1561 recte
2092 1498 2258 1561 hunc
2301 1497 2394 1561 sol
2443 1496 2751 1577 liqueficit.

1554 1798 1619 1863 2.
1692 1796 2031 1866 narchen.

1418 1919 1614 1974 (Haupts
1639 1919 1896 1964 Zeitschrift
1923 1920 2039 1973 XIV,
2071 1922 2183 1971 471.)

1826 2050 1865 2111 1.

1264 2172 1630 2236 Mendosam
1680 2191 1868 2253 quam
1916 2173 2276 2237 cantilenam
2323 2193 2459 2254 ag0,

1263 2262 1539 2342 puerulis
1584 2266 2052 2325 commentatam
2102 2262 2285 2341 dab0,

1262 2368 1390 2430 quo
1437 2350 1730 2414 modulos
1775 2369 1886 2431 per
1935 2350 2260 2414 mendaces
2306 2351 2496 2415 risum

1259 2438 1644 2502 auditoribus
1690 2438 1999 2519 ingentem
2048 2440 2258 2503 ferant.

1809 2600 1875 2661 11.

1188 2741 1216 2785 5
1264 2722 1556 2786 Liberalis
1602 2727 1660 2785 et
1703 2721 1926 2785 decora

1265 2812 1508 2875 cuidam
1559 2812 1688 2891 regi
1735 2816 1862 2873 erat
1907 2816 2058 2890 nata,

1264 2919 1450 2981 quam
1498 2901 1620 2964 sub
1668 2901 1804 2980 lege
1851 2900 2037 2979 hujus
2085 2901 2255 2964 modi

1264 2990 1468 3070 procis
1515 2990 1779 3070 obponit
1825 2990 2232 3069 querendam:

1804 3151 1897 3212 111.

1264 3274 1345 3351 ‚Si
1393 3275 1534 3353 quis
1579 3274 1914 3336 mentiendi
1962 3292 2193 3355 gnarus

1169 3380 1222 3424 10
1267 3380 1465 3442 usque
1509 3363 1666 3425 adeo
1717 3363 1897 3426 instet
1941 3364 2227 3440 fallendo,

1263 3450 1414 3514 dum
1461 3452 1681 3515 cesaris
1726 3470 1835 3514 ore
1880 3452 2060 3514 fallax

1265 3539 1608 3620 predicitur,
1657 3541 1708 3603 is
1754 3540 1935 3604 ducat
1979 3541 2209 3606 filiam‘.

1800 3703 1893 3764 lV.

1269 3823 1418 3897 Quo
1464 3823 1694 3902 audito,
1743 3824 1982 3889 Suevus

1268 3913 1352 3973 nil
1402 3917 1676 3976 moratus
1722 3914 1951 3995 inquit:

1171 4018 1223 4062 15
1269 4001 1454 4081 raptis
1499 4002 1685 4065 armis
1730 4020 1850 4082 ego

1269 4109 1408 4152 cum
1458 4096 1740 4153 venatum
1789 4092 1961 4156 solus
2008 4093 2175 4170 irem,

1272 4179 1624 4260 lepusculus
1678 4181 1835 4243 inter
1878 4182 2035 4243 feras
