3584 4884
660 446 878 504 -19..

323 612 354 675 Si
378 632 439 678 nos
462 616 562 679 divina
584 617 680 697 gratia
747 618 914 682 honoraret
936 618 993 683 bac
1014 619 1135 697 bucina,

323 701 541 769 Occideremus
563 706 713 786 coniuges
780 726 853 788 prae
876 708 963 788 mgis
984 708 1178 773 exrecmbiles

324 790 486 857 Precemur
508 796 695 873 Unibovem,
763 801 797 859 ut
819 797 913 860 nobis
934 801 1065 877 praestet
1085 796 1126 860 ad
1149 797 1247 861 vicem

275 897 310 943 ru
324 881 377 944 Vel
394 886 430 944 ut
444 884 552 947 vendat
567 884 646 948 banc
661 884 812 963 bucinam,
847 904 928 965 quae
942 890 1063 967 turpem
1078 886 1157 949 tollit
1171 886 1330 951 maculam.

322 970 442 1033 Tubam
463 978 614 1037 certemus
636 992 745 1051 emere,
813 978 847 1037 ut
868 992 999 1055 sponsas
1021 975 1191 1039 interficere

324 1060 398 1123 Uno
422 1062 574 1140 possimus
596 1066 735 1143 tempore
802 1064 959 1127 ornandas
980 1064 1217 1145 pulchritudine

324 1147 405 1211 Cum
430 1151 581 1215 resonabit
603 1152 722 1229 bucina,
791 1152 948 1232 fugabitur
975 1171 1060 1217 mors
1080 1171 1196 1234 aspera

323 1236 405 1301 Sicut
428 1240 457 1301 in
480 1241 540 1303 hoc
563 1241 763 1320 probavimus
829 1242 979 1321 examine,
1002 1242 1089 1322 quod
1111 1241 1257 1305 vidimus.

277 1342 312 1388 tu
327 1328 439 1391 Facturi
461 1346 570 1392 sumus
592 1330 699 1393 alteras
770 1329 810 1393 de
832 1330 978 1394 redivivis
1000 1331 1133 1412 nuptias,

325 1415 498 1481 Offeramus
522 1418 691 1498 pecuniam,
760 1422 794 1481 ut
817 1419 910 1483 nobis
931 1419 1044 1483 vendat
1065 1420 1219 1484 bucinam.

325 1504 436 1570 Oblato
458 1525 573 1587 magno
596 1524 724 1571 munere
792 1508 897 1573 tubam
922 1513 1078 1572 merentur
1099 1526 1211 1572 emere.

326 1594 397 1658 Post
417 1601 620 1676 comparatam
644 1596 788 1659 bucinam
857 1601 1017 1660 vertuntur
1038 1598 1070 1659 in
1094 1598 1253 1662 insaniam.

327 1682 455 1747 Duobus
477 1684 552 1747 dicit
574 1685 744 1766 presbyter:
813 1685 901 1763 ,Oro,
925 1705 1035 1767 precor
1055 1686 1275 1768 sollempniter,

280 1787 314 1833 uo
329 1772 369 1836 Ut
390 1774 507 1853 primus
530 1774 708 1837 interficiam
776 1792 923 1855 sponsam
947 1775 1023 1837 mibi
1046 1776 1241 1839 carissimam.

327 1861 377 1938 En,
400 1866 565 1943 praestetur
587 1863 758 1943 gratissima
825 1864 901 1925 mibi
925 1864 1023 1927 vitalis
1045 1864 1167 1927 bucina

327 1951 485 2015 Minorabo
509 1970 565 2033 per
585 1952 728 2032 iugulum
797 1952 1034 2034 presbyterissae
1055 1954 1186 2016 senium.

327 2038 393 2103 Post
415 2059 466 2104 me
489 2040 644 2104 secundus
667 2041 811 2104 bucinam
878 2047 1012 2105 assumet
1033 2042 1275 2119 saluberrimam,

327 2128 384 2201 Qui
408 2130 495 2211 prior
516 2147 603 2192 suam
628 2130 773 2193 feminam
842 2131 961 2194 occidet
981 2132 1060 2194 sicut
1080 2131 1215 2194 vitulam.

281 2232 315 2279 us
328 2216 488 2283 Petitiones
509 2223 651 2281 annuunt
716 2219 889 2297 sacerdotis,
914 2238 1006 2300 quem
1030 2220 1171 2300 diligunt,

328 2306 366 2371 Ut
387 2307 513 2385 occidat,
537 2311 571 2370 ut
591 2307 717 2388 jugulet,
785 2314 819 2372 ut
841 2310 972 2373 occisam
996 2310 1160 2373 resuscitet

325 2396 346 2457 lt
366 2395 510 2460 sacerdos
532 2415 602 2459 cum
627 2397 740 2461 bucina
806 2402 940 2461 armatus
961 2416 1000 2461 ex
1022 2398 1147 2475 insania,

324 2485 489 2548 Moriturae
512 2484 564 2548 dat
585 2486 669 2550 basia
736 2487 836 2551 stricta
858 2504 948 2549 coma
969 2487 1110 2551 feminea

324 2572 488 2637 cultellum
512 2580 660 2638 monstrat
682 2575 847 2656 presbyter,
916 2575 1047 2639 ridendo
1070 2575 1143 2638 dicit
1166 2574 1289 2638 mulier:

281 2662 418 2737 uo‚Quid
441 2664 540 2741 vultis,
564 2683 639 2742 care,
663 2664 782 2727 tacere?
850 2664 954 2727 Nolite
976 2664 1054 2727 dure
1076 2664 1192 2727 facere‘.

322 2750 470 2815 Sacerdos
492 2752 533 2815 ait
555 2753 664 2816 letifer:
732 2752 786 2831 ,Te
807 2752 958 2833 jugulabo
981 2752 1121 2827 dulciter;

323 2842 354 2902 ln
376 2841 505 2921 juvenili
528 2858 659 2923 corpore
727 2859 868 2921 resurges
890 2860 967 2905 voce
990 2841 1137 2905 bucinae‘.

321 2929 429 2993 Solum
453 2932 547 3007 ,vae!‘
581 2931 688 2993 clamat
710 2930 832 3008 femina,
894 2948 1037 3011 percussa
1059 2931 1136 3010 jacet
1156 2934 1286 2993 mortua

322 3018 437 3082 Stultus
460 3024 543 3099 pater
564 3019 695 3082 familias
762 3020 922 3083 exclamat:
945 3020 1015 3098 ,deo
1037 3019 1165 3099 gratiast

261 3122 310 3169 us
323 3108 461 3187 Apponit
482 3108 527 3171 ori
553 3108 705 3186 bucinam,
773 3108 879 3172 sufflat
901 3128 957 3189 per
978 3108 1191 3188 arrogantiam.

323 3195 407 3257 Dum
430 3200 476 3259 ter
497 3197 643 3276 iacentem
667 3197 780 3275 circuit,
849 3198 1014 3261 obscoenis
1036 3197 1139 3261 verbis
1161 3195 1268 3276 arguit

323 3284 361 3359 ,O
385 3285 554 3347 simulatrix
577 3285 693 3363 callida,
762 3304 863 3366 surge,
886 3287 997 3351 dolosa
1018 3286 1121 3349 simia!

324 3372 444 3435 Petulca
467 3373 544 3436 sicut
565 3374 657 3451 asina,
727 3375 793 3438 leva
816 3380 907 3456 caput
928 3376 968 3439 de
991 3376 1132 3438 bucinal‘

323 3461 442 3525 Auditis
465 3462 513 3525 his
535 3462 722 3527 clamoribus
789 3482 895 3527 amens
918 3482 1005 3527 suam
1029 3464 1221 3545 praepositus

275 3566 311 3612 uo
325 3550 455 3613 Festinat
477 3551 645 3615 interficere
712 3554 773 3616 sub
795 3571 850 3633 spe
873 3554 970 3617 vitalis
994 3553 1132 3618 bucinae.

322 3639 369 3701 Ad
393 3640 533 3703 orbatum
557 3641 768 3722 presbyterum
836 3644 920 3706 venit
941 3646 1011 3722 post
1033 3642 1245 3719 homicidium,

325 3729 365 3793 Ut
387 3728 447 3791 sibi
471 3735 599 3810 praestet
622 3730 774 3808 bucinam,
842 3750 904 3812 qua
926 3731 1050 3795 suscitet
1075 3730 1287 3812 praepositam.

257 3864 260 3873 .
323 3818 460 3882 Tandem
485 3824 603 3899 recepta
626 3820 739 3883 bucina
805 3821 993 3884 sacerdotem
1018 3819 1058 3882 de
1080 3818 1195 3882 femina

325 3907 490 3987 lnterrogat
511 3908 572 3988 jam
596 3912 724 3984 mortua,
792 3910 817 3972 si
841 3910 972 3972 surrexit
993 3908 1163 3987 iuvencula.

276 4011 312 4056 us
327 3996 522 4075 Interroganti
546 3996 667 4059 dicitur:
736 3998 859 4075 ,Hecate
882 4016 946 4061 non
970 3997 1131 4075 videbitur,

326 4083 435 4147 Donec
456 4086 549 4147 limen
572 4085 715 4149 ecclesiae
783 4091 834 4148 tua
856 4091 938 4166 petet
959 4104 1029 4148 cum
1053 4085 1203 4164 conjuge‘.

326 4170 528 4250 Sponsaecida
551 4174 742 4255 praepositus
810 4176 946 4256 privatus
969 4175 1079 4237 mentis
1101 4171 1243 4236 sensibus

1172 4289 1207 4340 2·

230 4521 373 4613 m
