3584 4884
832 445 1054 499 ,10-

586 616 658 678 Arte
681 634 749 678 mea
771 615 844 678 volo
868 614 997 692 concito,
1021 614 1111 677 crede
1134 613 1220 677 mihi.

489 724 528 769 100
545 704 604 767 Ρο1
626 704 762 767 triduum
786 709 818 766 tu
843 704 928 767 nulla
953 704 1020 766 cani
1044 704 1144 766 dones
1165 702 1315 780 alimenta,

589 794 637 857 lsti
661 793 768 873 jejuno
791 811 882 873 cepae
906 792 1007 855 terens
1030 792 1163 856 acidum.

543 882 688 945 Esuriens
710 882 795 945 canis
818 885 869 959 est,
893 881 970 944 illud
994 881 1136 961 quamvis
1158 880 1197 943 sit
1219 898 1366 956 amarum,

588 972 677 1035 fiscas
701 969 848 1052 insipidas
871 988 938 1033 esse
960 970 1092 1049 facitque
1115 970 1221 1033 tames.

542 1060 714 1123 Consumta
736 1078 810 1141 cepa
833 1059 926 1122 iacies
948 1059 1032 1122 canis
1055 1059 1154 1121 imbre
1177 1058 1330 1135 madescit,

489 1168 528 1212 100
588 1149 716 1223 Quaerit
737 1166 815 1211 anus
837 1166 994 1229 sponsam,
1022 1165 1115 1227 quam
1141 1146 1227 1211 Paris
1249 1147 1300 1210 hic
1321 1146 1449 1208 adamat

542 1237 663 1319 Sponsa
685 1238 769 1300 canis
792 1237 875 1301 videt
896 1237 1014 1315 taciem,
1037 1237 1133 1299 cernit
1155 1237 1347 1299 lacrimarum

588 1328 725 1390 Fontem.
772 1327 860 1389 Tunc
883 1326 1013 1405 quaerit:
1041 1325 1118 1402 ,Cur
1139 1326 1235 1405 gemit
1258 1325 1308 1387 illa
1330 1323 1449 1387 canis?‘

543 1416 634 1478 Ebria
657 1415 816 1495 respondit
838 1433 917 1478 anus
939 1415 1000 1478 isti:
1023 1415 1204 1492 ,Daemonis
1226 1418 1290 1476 arte

587 1506 672 1567 llaec
695 1522 762 1567 mea
785 1509 853 1567 nata
876 1504 934 1567 tuit
956 1504 1069 1584 pulcra,
1094 1503 1205 1584 pudica
1228 1503 1329 1565 nimis.

487 1611 527 1656 100
543 1593 646 1668 Quam
669 1593 790 1672 juvenis
813 1593 942 1673 pulcher
964 1593 1094 1655 nimium
1119 1592 1224 1655 dilexit
1245 1610 1359 1666 amore,

587 1683 717 1745 Flectere
741 1683 923 1745 muneribus
946 1682 1025 1744 hanc
1048 1682 1235 1761 nequiensve
1258 1680 1358 1743 minis

542 1772 612 1834 Hoc
635 1770 719 1834 dolet
741 1771 821 1834 alma
844 1770 966 1852 Cypris.
1014 1770 1201 1833 Hammonis
1227 1769 1343 1849 poplite
1367 1768 1449 1831 flexo

586 1860 721 1923 Auribus
744 1860 883 1923 insonuit
905 1878 975 1922 cum
1000 1859 1132 1922 lacrimis
1155 1859 1306 1939 precibus,

543 1950 586 2014 Ut
609 1950 858 2029 contemptricem
882 1949 1010 2013 Veneris
1032 1947 1166 2011 stimulet
1188 1966 1277 2010 cruce
1300 1946 1375 2023 dira,

488 2055 527 2100 100
587 2039 635 2101 Νο
659 2038 793 2117 reliquae
815 2042 953 2101 temnant
974 2038 1041 2117 eius
1063 2055 1144 2117 opus
1166 2037 1250 2100 velut
1272 2037 1354 2099 haec

541 2126 622 2189 Cum
645 2126 740 2206 judex
762 2127 860 2191 sontis
883 2146 947 2191 non
971 2127 1036 2189 vult
1059 2126 1169 2207 punire
1192 2130 1317 2202 reatum,

585 2214 697 2277 Semita
720 2215 866 2295 peccandi
891 2220 964 2278 tunc
987 2216 1110 2278 dabitur
1133 2215 1260 2278 miseris.

539 2303 659 2366 llssolet
682 2304 775 2366 unius
797 2304 947 2366 scelerum
971 2308 1082 2367 terrere
1105 2304 1262 2367 ministros

585 2392 700 2470 Passio,
724 2410 894 2473 poenarum
919 2392 997 2455 labis
1020 2392 1138 2472 iterque
1160 2398 1248 2457 serat.

487 2498 526 2543 100
541 2481 702 2544 Αο110111111
727 2499 837 2544 0011001
860 2482 921 2544 hoc
936 2499 1070 2561 pensans
1093 2481 1176 2545 idola
1199 2486 1286 2544 natae

583 2570 788 2650 Attribuitque
811 2570 908 2648 canis;
932 2588 1007 2651 ergo
1031 2570 1133 2635 madet
1155 2571 1315 2652 lacrymis‘.

540 2659 605 2721 lstis
628 2659 740 2722 auditis
762 2660 908 2739 singultat
929 2659 1044 2722 femina
1066 2665 1158 2737 easta}

583 2748 717 2812 Conscia
740 2766 829 2811 mens
851 2748 973 2811 sceleris
996 2749 1105 2811 crebro
1129 2767 1239 2829 pavere
1262 2749 1348 2812 solet.

539 2835 577 2899 Se
601 2838 739 2916 queritur
760 2837 886 2914 vetulae,
911 2837 1062 2917 sprevisse
1086 2837 1253 2918 Cupidinis
1274 2855 1376 2901 arcus:

483 2942 524 2987 000
583 2925 624 3002 ,O
648 2944 741 3006 quam
765 2927 882 3005 grande
906 2926 991 2989 netas
1014 2926 1091 3003 hoc‘,
1114 2926 1162 3004 ait,
1186 2928 1256 3003 ,est‘,
1279 2926 1393 2989 vetula!

538 3014 722 3091 ,Consilium
746 3033 855 3078 sanum
880 3015 1047 3077 contemnit
1069 3032 1163 3078 nemo
1186 3015 1331 3091 disertus;

584 3104 665 3183 Ergo
690 3122 793 3167 meum
818 3108 933 3167 rectum
958 3104 1080 3184 percipe
1103 3103 1275 3166 consilium.

538 3192 718 3256 Antidotum
742 3197 862 3273 gratum
886 3193 941 3256 tibi
965 3211 1057 3273 spero
1081 3192 1200 3268 1010110,
1224 3192 1343 3255 favente

584 3282 770 3345 Plasmatore
794 3282 855 3362 pio,
880 3282 933 3361 qui
957 3282 1042 3345 dedit
1064 3300 1131 3345 esse
1154 3281 1239 3343 mihi.

484 3387 524 3432 000
540 3372 598 3433 Fac
621 3372 742 3435 moechi
765 3372 851 3449 velle,
875 3376 907 3433 tu
932 3389 971 3434 ne
994 3371 1150 3434 mutabere
1173 3370 1304 3434 lormam

583 3460 615 3520 ln
643 3460 734 3538 canis,
759 3465 792 3522 ut
815 3460 919 3541 proles
941 3464 986 3523 est
1008 3478 1076 3523 mea
1099 3478 1185 3523 versa
1204 3460 1288 3539 Jove.

539 3547 623 3610 Haec
645 3548 771 3629 decepta
794 3549 876 3613 dolis
897 3549 990 3628 iussis
1013 3550 1152 3614 mulieris
1174 3549 1287 3626 obedit,

582 3637 629 3697 Ne
652 3637 710 3700 sibi
734 3637 867 3700 donetur
890 3638 1010 3718 efligies
1032 3639 1135 3721 catuli;

537 3724 680 3805 Namque
703 3744 790 3788 suam
815 3727 948 3805 quisque
971 3727 1037 3789 vult
1059 3727 1219 3791 defensare
1242 3727 1378 3803 salutem,

482 3830 523 3875 010
585 3815 627 3878 Ut
650 3815 764 3877 Natura
787 3815 871 3877 dedit
895 3816 1138 3895 hominibusque
1160 3816 1242 3880 10110.

537 3902 665 3976 Quaerit
675 3922 753 3966 anus
766 3922 906 3983 puerum,
923 3911 1017 3982 quein
1029 3904 1155 3967 tlamma
1170 3906 1301 3986 perussit
1315 3904 1444 3981 amoris;

583 3993 676 4055 Hunc
698 3991 782 4055 ducit
805 3992 947 4055 meretrix
970 3992 1111 4073 pessima,
1133 3994 1233 4073 iunxit
1255 4013 1318 4059 eos.

537 4080 658 4159 Stagnis
682 4099 746 4144 non
770 4082 873 4160 aliqua
897 4081 1022 4144 lethaeis
1045 4082 1141 4145 bestia
1164 4085 1253 4147 tantis

581 4170 677 4247 Venit,
703 4170 793 4250 plena
815 4170 897 4233 dolis
920 4170 1034 4232 femina
1057 4190 1150 4250 prava
1171 4173 1263 4235 velut.
