3584 4884
728 427 971 485 -197-

314 600 559 681 procuravimus,
592 599 655 679 qui,
694 599 733 663 de
767 617 824 663 sua
856 599 1059 679 temptacione
1094 601 1304 679 compunctus
1343 598 1382 661 ad

316 689 490 753 Dominum
515 688 577 766 ivit,
609 706 672 751 non
697 689 814 752 habens
836 688 926 751 aliam
957 705 1067 768 penam
1092 687 1151 751 nisi
1175 690 1305 749 mortem
1329 687 1383 749 ab·

313 778 437 858 jectam;
472 777 536 857 qui,
558 778 585 840 si
607 777 833 858 supervixisset,
863 776 1010 840 redeunte
1033 777 1243 857 temptacione,
1267 775 1383 839 malum

251 884 301 931 san
316 866 404 948 quod
436 871 618 947 conceperat
646 865 851 946 adimplesset
896 865 984 929 Alius
1013 864 1160 928 heremita
1191 866 1287 928 homo
1310 883 1384 928 con-

314 956 511 1036 templativus
533 959 578 1019 est
604 960 634 1018 et
664 973 845 1035 magnarum
873 954 1068 1031 oracionum;
1099 952 1253 1034 dyabolus
1280 958 1382 1017 autem
1409 968 1411 975 ’

315 1044 491 1126 procuravit
520 1045 585 1107 suis
615 1043 869 1124 impedimentum
901 1042 1110 1107 oracionibus:
1142 1042 1268 1122 quidam
1299 1042 1382 1105 enim

313 1132 403 1196 dives
430 1134 557 1214 ciphum
588 1136 766 1213 argenteum
799 1150 892 1212 quem
923 1132 1103 1195 sustulimus
1131 1132 1158 1194 ei
1186 1130 1319 1209 dederat,
1350 1135 1384 1194 ut

315 1240 374 1303 pro
396 1240 430 1285 se
454 1226 561 1285 oraret
606 1220 689 1284 Cum
713 1225 813 1284 autem
842 1238 930 1284 orare
958 1220 1054 1299 vellet,
1085 1220 1226 1283 veniebat
1248 1220 1275 1282 ei
1299 1221 1383 1301 cogi-

255 1328 300 1374 oro
315 1311 395 1373 tacio
419 1309 495 1390 quid
518 1310 558 1373 de
576 1310 669 1390 cipho
693 1309 747 1373 illo
769 1309 869 1372 lacere
891 1312 1002 1389 posset,
1026 1308 1074 1372 vel
1091 1327 1130 1371 ne
1145 1309 1296 1371 iuraretur
1311 1327 1382 1371 eum

314 1399 428 1479 aliquis
450 1400 487 1476 ei,
519 1398 558 1461 ita
580 1398 667 1479 quod
691 1416 746 1462 cor
771 1416 864 1461 suum
892 1402 921 1461 et
950 1397 1111 1461 oraciones
1140 1398 1250 1478 ciphus
1277 1397 1328 1460 ille
1355 1398 1383 1461 ei

314 1488 485 1565 aulerebat;
502 1486 573 1551 ideo
589 1488 716 1551 salutem
730 1487 796 1566 eius
812 1487 1046 1568 procuravimus
1058 1487 1183 1567 ciphum
1199 1486 1383 1550 auferendo:

316 1576 406 1639 rediit
428 1576 511 1639 enim
527 1576 567 1641 ad
582 1576 686 1640 solitas
702 1576 862 1639 oraciones
877 1576 944 1639 sine
960 1575 1182 1657 impedimento
1198 1575 1260 1639 illo.
1295 1575 1383 1639 Alius

314 1670 426 1743 autem,
455 1665 495 1728 ad
518 1684 612 1746 quem
641 1669 711 1746 post
738 1664 888 1744 venimus,
920 1666 1019 1727 malus
1047 1665 1144 1728 homo
1171 1668 1223 1742 est,
1255 1682 1312 1727 nec
1339 1669 1384 1727 est

256 1771 301 1818 555
316 1754 433 1833 dignus
461 1754 564 1818 celesti
595 1754 860 1832 remuneracione,
895 1772 953 1835 pro
982 1754 1042 1817 hoc
1071 1752 1158 1833 quod
1185 1753 1255 1816 lecit
1282 1753 1382 1832 nobis,

314 1842 388 1906 ideo
410 1844 612 1923 temporalem
640 1844 668 1907 ei
696 1843 841 1907 dedimus
868 1843 1050 1907 mercedem.
1095 1842 1183 1905 Alius
1207 1842 1303 1905 homo
1326 1842 1384 1905 luit

315 1932 475 2013 hospitalis
498 1937 528 1995 et
542 1932 707 1995 multamm
731 1933 1005 2014 eleemosynarum,
1030 1935 1066 2008 et,
1090 1949 1160 1994 cum
1177 1949 1241 1995 non
1259 1930 1385 1993 haberet

315 2021 444 2101 prolem,
476 2021 595 2101 rogavit
621 2020 705 2083 viros
733 2022 893 2101 religiosos
923 2026 957 2083 ut
986 2024 1130 2100 rogarent
1154 2020 1326 2083 Dominum
1350 2022 1385 2081 ut

314 2108 401 2172 daret
424 2110 451 2173 ei
476 2110 610 2190 prolem,
640 2110 727 2190 quod
755 2110 900 2188 iecerunt,
931 2114 960 2172 et
986 2108 1121 2172 dedit‘ei
1148 2108 1258 2186 lilium,
1289 2126 1382 2188 quem

255 2215 301 2262 sno
314 2198 418 2262 vidisti
441 2199 601 2278 submergi
624 2218 642 2261 a
665 2200 765 2262 nobis.
811 2198 886 2272 Quo
911 2198 1023 2276 habito,
1047 2198 1127 2278 cepit
1149 2216 1243 2278 opera
1266 2198 1383 2260 miseri·

315 2287 429 2366 cordie,
464 2306 526 2368 que
556 2287 655 2350 iacere
685 2290 892 2365 consueverat
927 2287 1086 2364 dimittere,
1119 2290 1148 2349 et
1179 2286 1274 2349 multa
1304 2286 1383 2349 mala

315 2376 422 2455 lacere,
446 2395 511 2457 quo
534 2375 632 2439 modo
655 2377 750 2439 multa
772 2376 839 2439 tilio
862 2376 1038 2455 acquireret.
1078 2375 1180 2439 Puero
1204 2379 1327 2439 mortuo
1351 2374 1382 2437 in

316 2465 496 2529 innocencia
533 2465 661 2529 salutem
700 2465 946 2546 procuravimus,
985 2464 1052 2545 qui,
1090 2464 1116 2527 si
1154 2464 1382 2545 supervixisset,

316 2554 413 2616 multa
435 2554 514 2617 mala
536 2554 668 2631 fecisset;
691 2553 830 2617 similiter
853 2558 882 2616 et
897 2553 972 2634 patri
989 2554 1085 2634 pueri,
1110 2554 1172 2634 qui,
1197 2572 1234 2616 eo
1251 2557 1382 2631 mortu0,

256 2659 302 2705 sna
316 2641 357 2704 ad
380 2647 525 2707 consueta
547 2643 632 2707 bona
654 2660 748 2723 opera
771 2647 944 2706 revertetur.

696 2791 748 2849 32.
786 2785 839 2865 [ε
863 2784 895 2849 s.
922 2784 1006 2864 ssa]

405 2908 518 2971 Audivi
534 2908 631 2988 quod,
647 2927 717 2971 cum
730 2908 856 2987 quidam
873 2909 960 2971 dives
976 2912 1112 2972 maneret
1126 2908 1209 2988 juxta
1228 2907 1380 2987 [domum]

317 2996 476 3076 cujusdam
511 2997 663 3077 pauperis,
699 3016 770 3060 cum
805 3002 876 3078 post
905 3015 980 3061 cene
1014 3015 1069 3061 sue
1104 2997 1227 3060 delicias
1262 2996 1385 3059 intraret

317 3085 427 3148 lectum
450 3104 543 3149 suum
567 3086 731 3149 delicatum
755 3090 784 3149 et
806 3086 932 3149 mollem
957 3091 990 3149 ut
1013 3087 1188 3166 quiesceret,
1217 3089 1384 3165 occupatus

317 3173 445 3237 diversis
468 3175 550 3237 curis
573 3174 760 3238 irruentibus
775 3175 968 3238 diversorum
993 3176 1149 3239 bonorum
1174 3190 1384 3253 suorumque

259 3281 304 3327 oso
319 3262 449 3327 habebat
471 3263 503 3325 in
527 3262 656 3327 diversis
680 3264 763 3341 locis,
787 3282 857 3327 cum
874 3282 938 3327 non
956 3268 1059 3346 posset
1074 3264 1217 3341 dormire,
1241 3262 1385 3325 audiebat

317 3369 484 3432 pauperem
516 3356 586 3432 post
614 3370 720 3415 cenam
751 3372 880 3433 paucam
905 3357 933 3416 et
955 3354 1103 3417 solacium
1127 3352 1263 3432 aliquod,
1296 3352 1383 3431 quod

316 3440 449 3504 babebat
470 3458 541 3503 cum
566 3459 664 3521 puero
687 3460 755 3519 suo,
778 3441 958 3506 suavissime
974 3442 1180 3523 quiescentem
1205 3444 1276 3521 post
1299 3441 1383 3504 labo-

317 3548 382 3592 rem
414 3529 562 3592 diumum
594 3530 626 3592 in
655 3531 738 3593 lecto
770 3532 860 3594 duro.
915 3530 979 3604 Qui
1011 3530 1153 3594 invidens
1182 3530 1250 3610 eius
1280 3530 1382 3610 quieti,

316 3618 447 3681 surrexit
468 3623 538 3681 ante
561 3618 652 3695 diem,
686 3624 722 3695 et,
753 3624 858 3699 aperto
887 3620 966 3683 ostio
995 3620 1146 3700 pauperis,
1177 3620 1324 3700 pependit
1351 3619 1383 3681 in

259 3724 302 3771 ssu
317 3724 355 3770 eo
379 3708 505 3771 bursam
529 3707 650 3787 plenam
675 3707 817 3786 pecunia,
848 3708 902 3787 qui
926 3709 1070 3771 excitatus
1092 3710 1123 3771 in
1148 3727 1246 3787 mane,
1270 3708 1321 3771 vix
1343 3709 1383 3771 ab

316 3814 421 3874 uxore,
445 3814 516 3859 cum
532 3796 622 3858 vellet
644 3795 748 3874 egredi
771 3796 912 3873 domum,
936 3796 1092 3861 cadentem
1117 3798 1278 3877 pecuniam
1303 3815 1384 3859 rece-

316 3884 373 3965 pit;
403 3881 526 3949 etcum
550 3884 605 3946 diu
633 3884 830 3949 deliberasset
852 3885 928 3965 quid
960 3886 1076 3963 laceret,
1108 3887 1219 3949 timens
1242 3904 1281 3948 ne
1304 3904 1384 3948 uxor

315 3973 364 4036 vel
387 3974 465 4036 alius
492 3972 644 4035 furaretur
666 3973 702 4050 ei,
733 3974 822 4037 tinxit
849 3992 882 4037 se
913 3975 973 4055 pati
1002 3976 1033 4037 in
1062 3975 1196 4051 renibus,
1228 3974 1383 4037 occultans

316 4062 376 4125 sub
399 4063 477 4125 lecto
499 4078 559 4125 suo
582 4065 612 4124 et
632 4062 736 4141 iacens
757 4082 859 4143 supra,
883 4081 947 4127 non
963 4064 1068 4126 valens
1087 4064 1224 4127 dormire
1239 4063 1278 4125 de
1294 4068 1383 4126 nocte

259 4167 302 4213 svo
318 4168 373 4231 pre
384 4150 589 4215 sollicitudine
608 4150 650 4230 [in
667 4151 739 4230 qua]
757 4156 822 4214 erat
836 4152 912 4232 quid
929 4153 968 4215 de
985 4170 1020 4215 ea
1036 4152 1154 4216 taceret.
1183 4150 1264 4213 Cum
1280 4156 1380 4215 autem
