3584 4884
687 423 930 483 -105-

269 614 404 673 servum,
440 614 533 676 quem
568 597 699 659 mimum
734 597 858 674 diceret,
895 616 1028 678 quamve
1062 599 1267 679 interrogatus
1301 598 1340 662 de

268 685 414 764 singulis,
458 685 598 748 redderet
632 686 788 749 rationem.
851 687 1067 767 congregatus
1101 688 1194 767 igitur
1225 689 1341 751 cunctis

220 791 256 837 au
270 774 465 854 principibus
500 774 703 855 exhibitisque
734 776 797 856 regi
830 794 891 856 que
920 775 1118 854 adduxerant,
1150 777 1285 839 introivit
1311 781 1341 840 et

269 863 323 926 iste
355 881 429 924 cum
460 881 575 944 pompa
605 881 660 926 sua
694 865 764 928 satis
799 865 931 928 mirabili
962 865 1103 928 dissimili
1135 883 1196 944 que
1226 866 1340 943 ceteris,

270 951 400 1031 regique
438 952 536 1014 astitit
598 952 696 1016 Porro
735 953 863 1016 diversis
903 954 1092 1017 musicorum
1131 954 1341 1018 instrumentis

270 1041 529 1120 concrepantibus
552 1043 657 1104 omnia
681 1043 871 1118 resonabant
900 1043 939 1105 ad
963 1061 1097 1122 quorum
1121 1061 1214 1106 voces
1235 1044 1341 1106 asinus

269 1129 419 1192 stolidum
443 1130 555 1192 animal
583 1130 768 1210 stupetactus
790 1149 880 1194 aures
904 1132 993 1211 erigit
1022 1131 1181 1212 tenditque
1211 1132 1339 1195 caudam

223 1237 258 1282 aro
272 1218 457 1298 magnisque
480 1219 641 1282 conatibus
664 1220 753 1298 rudit,
778 1221 944 1300 rugituque
967 1239 1026 1284 suo
1042 1225 1139 1283 totum
1163 1221 1341 1284 concutiens

271 1307 427 1387 palatium,
451 1325 554 1387 regem
572 1325 750 1388 omnesque,
775 1310 828 1388 qui
844 1309 978 1387 aderant,
1000 1310 1040 1371 ad
1063 1310 1111 1372 sui
1134 1310 1340 1390 spectaculum

272 1396 481 1475 congregavit.
528 1397 643 1459 lnimici
667 1415 741 1460 vero
764 1399 831 1460 eius
857 1398 1004 1475 videntes,
1035 1415 1069 1460 se
1091 1415 1158 1462 esse
1188 1399 1340 1478 deceptos,

270 1484 308 1547 ad
340 1485 517 1548 irrisionem
552 1486 646 1548 verba
679 1490 846 1564 verterunt,
882 1487 941 1550 sub
972 1487 1081 1567 yronia
1112 1488 1175 1565 regi
1206 1487 1341 1551 dicentes

271 1575 391 1637 bonum
428 1574 658 1654 sapientemque
689 1575 896 1638 consiliarium
928 1594 961 1639 se
991 1575 1112 1652 habere,
1146 1577 1200 1655 qui
1230 1577 1341 1640 talibus

224 1680 363 1726 ausuum
399 1663 544 1743 palatium
581 1664 725 1743 replesset
759 1665 912 1728 monstris.
965 1664 1005 1726 nt
1036 1682 1089 1726 rex
1120 1665 1340 1728 maledicorum

272 1751 374 1815 verbis
399 1751 527 1814 minime
551 1752 720 1830 intendens,
745 1753 858 1816 sciebat
880 1752 972 1829 enim,
997 1752 1057 1815 hoc
1080 1771 1144 1816 non
1167 1754 1285 1833 absque
1308 1773 1340 1816 re

271 1841 348 1918 ficri,
372 1840 580 1919 interrogabat
596 1841 746 1918 iuvenem,
771 1842 846 1920 quid
869 1841 1045 1920 unumquid
1062 1860 1124 1921 que
1139 1859 1255 1919 eorum,
1280 1861 1341 1922 que

270 1929 447 2006 adduxerat,
473 1933 698 2010 representaret.
733 1930 793 1994 Cui
818 1930 868 1993 ille
888 1949 944 2010 per
959 1930 1082 2009 singula
1104 1930 1148 1993 sic
1171 1931 1340 2011 respondit:

360 2017 465 2094 Canis,
490 2018 596 2098 inquit,
621 2037 709 2081 meus
731 2019 786 2082 tibi
809 2020 943 2082 amicum
972 2019 1124 2099 optimum
1149 2025 1341 2100 representat.

222 2124 258 2169 m
273 2107 332 2170 l·lic
348 2107 433 2168 enim
458 2125 578 2169 mecum
596 2125 795 2188 quocumque
811 2109 875 2171 iero
891 2108 1008 2171 vadens
1024 2109 1158 2188 pericula
1174 2109 1339 2170 fluminum

271 2195 490 2275 latronumque
513 2214 677 2260 mucrones
700 2196 868 2277 dentesque
889 2197 1022 2259 terarum
1040 2198 1144 2260 subire
1160 2215 1224 2260 non
1248 2198 1340 2259 timet.

272 2284 331 2348 Sed
356 2285 456 2364 ipsam
481 2303 608 2365 prorsus
631 2291 761 2348 mortem
785 2290 911 2366 propter
932 2305 982 2348 me
997 2285 1132 2366 despicit,
1156 2303 1228 2366 sepe
1251 2287 1340 2348 etiam

272 2392 321 2435 me
352 2373 562 2453 convivasque
594 2392 681 2437 meos
704 2393 759 2438 sua
789 2375 886 2438 nobili
919 2375 1016 2438 reficit
1045 2376 1148 2454 preda,
1180 2393 1340 2454 nunquam

271 2463 389 2542 absque
414 2481 463 2525 me
487 2463 571 2540 letus,
601 2481 771 2542 numquam
796 2481 918 2527 mecum
941 2463 1034 2526 tristis
1056 2464 1195 2526 existens.
1243 2463 1341 2540 Certe,

224 2568 292 2614 uso
322 2571 384 2630 rex,
417 2569 587 2630 numquam
618 2558 678 2614 tam
710 2553 809 2614 lidum
841 2553 1058 2631 sincerumque
1089 2552 1240 2620 amicum,
1254 2552 1341 2633 potui

273 2640 419 2717 invenire,
444 2640 498 2702 sed
522 2645 629 2703 necte
653 2641 779 2720 quidam
804 2641 864 2704 hoc
888 2641 1025 2721 potuisse
1048 2658 1127 2703 reor.

360 2729 493 2792 Asinum
516 2735 616 2792 autem
642 2748 745 2793 meum
769 2747 891 2793 servum
923 2729 1136 2792 fidelissimum
1162 2729 1341 2809 patientissi·

272 2837 423 2898 mumque
445 2818 498 2881 tibi
522 2817 647 2882 adduxi.
694 2819 755 2881 llic
782 2819 865 2882 enim
898 2818 1037 2897 quolibet
1067 2836 1157 2880 mane
1187 2818 1226 2879 ad
1250 2818 1341 2880 silvas

272 2925 405 2986 pergens
428 2907 520 2987 lignis
543 2908 616 2970 inde
640 2907 717 2970 redit
740 2912 878 2984 onustus,
903 2907 1050 2986 quibusa
1073 2905 1168 2969 dorso
1192 2906 1340 2987 depositis

224 2996 463 3058 estrumentum
497 2996 537 3059 ad
572 2997 786 3059 molendinum
822 2999 922 3076 portat
955 2999 1149 3075 reportatque
1185 2996 1341 3071 molitum,

273 3085 385 3148 deinde
413 3103 484 3148 cum
515 3085 635 3148 utribus
657 3085 696 3147 ad
725 3085 841 3148 iontem
873 3083 980 3165 pergit,
1011 3085 1188 3163 revehitque
1211 3082 1341 3146 domum

274 3175 391 3254 plenos.
438 3173 520 3236 Cum
544 3178 644 3236 autem
673 3173 795 3236 cottidie
823 3174 873 3236 hic
902 3173 969 3236 sine
1000 3190 1158 3234 murmure
1184 3169 1287 3252 [1541’]
1314 3175 1343 3234 et

273 3261 471 3325 reluctatione
494 3261 589 3340 iaciat,
619 3281 683 3326 non
715 3267 812 3324 vestes
843 3262 1005 3342 preciosas,
1037 3279 1100 3323 non
1133 3260 1220 3323 cibos
1249 3261 1343 3340 exigit

273 3351 425 3432 lautiores
449 3349 503 3413 sed
527 3351 640 3414 suflicit
663 3352 698 3428 ei,
722 3351 747 3414 si
773 3369 880 3430 parum
903 3350 966 3412 teni
983 3350 1029 3412 vel
1047 3350 1132 3428 palee
1155 3367 1212 3428 pro
1237 3349 1342 3412 labore

223 3456 259 3502 aas
273 3439 422 3502 diuturno
446 3445 658 3519 consequatur.
704 3439 816 3516 Quem,
841 3457 948 3519 queso,
972 3456 992 3501 0
1016 3456 1076 3513 rex,
1100 3438 1149 3500 vel
1174 3438 1227 3500 ubi
1251 3439 1341 3500 talem

274 3547 398 3592 servum
424 3528 600 3591 inveniam?
648 3529 788 3591 Proiecto
816 3546 979 3607 nusquam.

364 3617 470 3690 Quem
505 3621 605 3679 aulem
643 3617 698 3680 tibi
737 3617 867 3678 mimum
907 3616 1070 3678 meliorum
1108 3614 1175 3677 lilio
1214 3615 1342 3694 parvulo

271 3706 496 3769 adduxissem?
550 3705 610 3768 llic
648 3705 759 3768 etenim
798 3705 890 3767 michi
930 3703 1052 3767 cottidie
1090 3703 1213 3766 exhibet
1251 3703 1343 3766 ludos

272 3813 382 3872 novos,
415 3793 554 3872 dumque
577 3793 663 3873 quod
691 3793 801 3856 viderit
831 3794 878 3856 vel
908 3793 1038 3855 audierit
1067 3792 1176 3854 imitari
1207 3797 1342 3868 conatur,

221 3900 258 3945 ao
272 3889 378 3964 gestus
411 3883 549 3946 comicos
579 3886 771 3963 representat,
802 3882 915 3960 frangit
937 3882 1030 3944 verba
1061 3899 1122 3959 que
1152 3881 1241 3960 plene
1273 3897 1343 3961 pro

272 3973 352 4035 ferre
386 3989 452 4034 non
487 3971 576 4048 valet,
615 3975 644 4034 et
678 3989 748 4034 cum
773 3971 903 4032 omnino
927 3987 991 4032 non
1028 3969 1125 4048 possit
1159 3969 1342 4047 exprimere,

272 4061 360 4140 quod
384 4059 569 4139 cogitaverit,
599 4060 696 4138 signis
719 4059 794 4121 illud
820 4062 968 4136 motuque
999 4057 1137 4136 corporis
1166 4056 1343 4118 manifestat

273 4149 339 4214 Sub
372 4165 438 4211 uno
470 4147 642 4228 eodemque
670 4148 746 4211 hore
779 4151 937 4210 momento
968 4145 1045 4207 letus
1075 4149 1104 4206 et
1135 4144 1233 4218 tristis,
1266 4143 1344 4204 flens
