3584 4884
713 465 934 522 ,69-

285 641 316 699 et
340 654 452 699 omnes
475 636 550 699 socii
576 635 635 697 mei
665 635 743 698 iutra
766 637 809 700 .V.
836 636 968 716 [annos],
998 635 1023 698 si
1046 636 1086 698 ad
1115 636 1175 698 hoc
1197 635 1357 715 ingenium

286 726 408 788 habet!¹
458 724 595 788 Surrexit
616 728 743 803 quartus
766 726 917 804 magister,
944 725 993 788 cui
1018 742 1133 787 nomen
1158 724 1357 804 Malquidrac,

286 814 470 876 macilentus
493 813 591 889 valde,
615 817 645 875 et
659 814 711 875 ait:
738 813 895 879 „Domine
912 814 963 887 mi,
985 813 1025 875 ad
1049 813 1230 877 memoriam
1254 813 1357 892 reduc,

230 921 259 965 ss
285 902 454 982 quomodo
484 920 545 982 ego
572 906 601 964 et
628 919 738 966 omnes
767 902 826 965 mei
859 903 1092 983 predecessores
1122 902 1359 982 imperatoribus

286 991 541 1054 ministrauerunt
555 996 584 1054 el
600 990 771 1054 mercedem
793 991 909 1053 nullam
927 991 1107 1071 recepimus.
1142 990 1248 1064 Quare
1265 991 1357 1054 nichil

286 1081 374 1143 aliud
403 1084 474 1160 peto
502 1098 560 1160 pro
588 1079 729 1142 mercede
760 1079 818 1142 nisi
842 1084 876 1142 ut
899 1080 991 1142 michi
1022 1079 1122 1142 lilium
1147 1084 1234 1142 tuum
1258 1080 1358 1142 tradas

285 1169 326 1231 ad
359 1169 569 1245 nutriendum,
599 1168 845 1232 doctrinandum.
892 1169 929 1231 Et
955 1187 1015 1248 ego
1037 1168 1145 1232 laciam
1178 1187 1250 1230 eum
1280 1169 1358 1232 scire

286 1263 440 1338 quantum
470 1276 529 1337 ego
559 1257 624 1321 scio
652 1261 681 1319 et
711 1275 819 1320 omnes
847 1258 922 1320 socii
953 1257 1012 1320 mei
1041 1257 1121 1319 inira
1144 1257 1202 1321 .lV.
1226 1270 1355 1320 annos.u

232 1366 260 1409 eo
287 1346 429 1411 Surrexit
461 1347 586 1426 quintus
622 1347 777 1426 magister,
816 1347 865 1409 cui
901 1364 1016 1409 nomen
1044 1345 1211 1426 josephus,
1250 1351 1279 1408 et
1306 1347 1358 1408 ait:
1408 1361 1413 1366 ’

290 1435 453 1500 ‚Domine
477 1436 527 1511 mi,
551 1452 644 1497 senex
659 1453 729 1498 sum
749 1439 778 1498 et
791 1453 915 1515 semper
929 1435 1048 1515 primus
1063 1435 1102 1497 ad
1118 1435 1247 1498 consilia
1260 1439 1359 1498 vestra

287 1525 393 1586 vocari
418 1524 564 1586 solebam.
596 1523 668 1597 Que
690 1528 790 1586 autem
807 1524 935 1587 consilia
958 1524 1048 1586 vobis
1071 1524 1219 1600 dederim,
1242 1527 1360 1586 constat

288 1613 462 1693 pmdencia
477 1617 582 1689 vestre,
607 1618 635 1675 et
657 1631 750 1692 quam
774 1613 928 1675 utilitatem
945 1632 982 1674 ex
998 1613 1058 1676 hoc
1080 1612 1229 1674 habuistis
1249 1630 1359 1676 omnes

287 1705 410 1781 satrape
434 1705 596 1765 nonerunt
635 1702 801 1781 Nunquam
826 1702 928 1764 adhuc
944 1701 1116 1764 mercedem
1141 1701 1233 1763 michi
1258 1700 1359 1763 reddi-

233 1809 261 1854 eo
288 1791 388 1854 distis.
435 1790 536 1852 Nichil
560 1789 643 1852 aliud
667 1809 764 1870 quero
788 1809 845 1870 pro
869 1790 1010 1854 mercede
1025 1791 1084 1853 nisi
1101 1794 1134 1852 ut
1149 1790 1241 1852 michi
1259 1789 1358 1851 lilium

288 1883 428 1942 vestmm
467 1879 589 1942 tradatis
626 1879 664 1940 ad
703 1879 911 1955 nutriendum,
949 1879 1194 1942 doctrinandum.
1242 1880 1278 1940 131
1300 1896 1360 1958 ego

288 1969 400 2031 taciam
433 1986 503 2030 eum
535 1968 612 2030 scire
640 1972 788 2048 quantum
819 1987 879 2047 ego
907 1969 971 2032 scio
999 1973 1028 2030 et
1058 1986 1167 2030 omnes
1194 1968 1270 2030 socii
1299 1967 1358 2030 mei

288 2057 393 2120 sciunt
409 2055 487 2118 intra
503 2057 558 2118 .111.
574 2072 700 2120 annosa
735 2056 871 2120 Surrexit
885 2062 988 2120 sextus
1003 2057 1154 2136 magister,
1178 2057 1226 2119 cui
1243 2074 1358 2119 nomen

289 2146 459 2225 Cleophas,
482 2150 511 2207 et
532 2145 584 2207 ait:
612 2145 768 2209 „Domine
784 2146 835 2224 mi,
859 2146 918 2208 iam
942 2164 1036 2208 senex
1058 2163 1128 2208 sum
1151 2146 1234 2207 etin
1258 2150 1359 2208 vestro

233 2255 261 2299 xo
289 2235 427 2298 seruicio
449 2239 514 2297 toto
537 2238 675 2314 tempore
701 2235 762 2297 vite
785 2253 853 2298 mee
883 2235 1021 2298 laboraui
1045 2239 1075 2296 et
1097 2233 1270 2296 mercedem
1294 2252 1358 2297 non

290 2322 426 2404 optinui.
458 2322 519 2385 Pro
536 2323 675 2386 mercede
691 2323 784 2386 nichil
800 2323 882 2386 aliud
908 2327 979 2403 peto
995 2324 1053 2386 nisi
1070 2328 1104 2385 ut
1119 2323 1211 2386 michi
1228 2341 1359 2402 puerum

288 2412 425 2475 tradatis.
459 2413 493 2474 Et
508 2429 567 2490 ego
583 2412 690 2474 faciam
707 2430 777 2474 eum
794 2413 870 2475 scire
886 2416 1033 2492 quantum
1051 2430 1111 2491 ego
1126 2412 1191 2475 scio
1206 2416 1236 2474 et
1250 2430 1360 2474 omnes

288 2501 367 2564 socii
393 2500 453 2562 mei
477 2501 554 2562 inira
578 2501 621 2562 .11.
644 2515 774 2564 annos.u
811 2501 948 2564 Surrexit
963 2501 1112 2581 septimus
1135 2501 1286 2579 magister,
1309 2501 1358 2563 cui

289 2607 410 2653 nomen
438 2589 583 2669 Joachim,
616 2595 645 2652 et
672 2589 725 2652 ait:
760 2590 918 2655 „Domine
947 2591 999 2667 mi,
1029 2589 1132 2651 audite
1163 2591 1226 2651 me!
1274 2590 1357 2651 Bene

234 2699 262 2742 u>
289 2679 443 2743 omnibus
465 2684 588 2754 constat,
612 2679 643 2740 in
667 2683 744 2758 quot
767 2679 911 2759 periculis
932 2679 992 2757 (BL
1011 2679 1114 2758 139r.)
1132 2678 1293 2741 vobiscum
1314 2678 1359 2740 fui

290 2773 321 2832 et
345 2766 519 2830 mercedem
547 2768 734 2847 condignam
766 2785 927 2848 nunquam
956 2767 1086 2847 optinui.
1133 2767 1195 2829 Pro
1218 2768 1359 2829 mercede

290 2856 388 2920 nichil
419 2855 503 2918 aliud
538 2861 608 2937 peto
641 2857 698 2919 nisi
731 2860 764 2919 ut
794 2856 887 2919 michi
919 2875 1049 2937 puerum
1081 2856 1120 2918 ad
1151 2856 1358 2934 nutriendum,

290 2945 531 3008 doctrinandum
563 2945 693 3008 tradatis.
741 2947 776 3008 Et
799 2965 859 3025 ego
882 2946 989 3008 faciam
1014 2963 1084 3008 eum
1110 2945 1186 3008 scire
1209 2949 1359 3024 quantum

290 3053 353 3114 ego
377 3034 443 3097 scio
471 3038 499 3096 et
526 3052 634 3097 omnes
664 3035 739 3097 socii
771 3035 830 3097 mei
862 3035 940 3096 inira
968 3053 1063 3097 vnum
1092 3049 1240 3096 annum,u
1290 3034 1360 3096 iliis

233 3143 262 3187 so
289 3123 383 3186 dictis
405 3122 446 3184 ait
469 3123 647 3203 imperator:
674 3123 860 3200 „Karissimi
884 3123 1016 3185 multum
1032 3123 1123 3186 vobis
1146 3123 1299 3202 regracior
1321 3140 1360 3185 eo

290 3211 381 3292 quod
406 3211 535 3290 quilibet
557 3231 594 3274 ex
617 3212 709 3274 uobis
732 3213 816 3292 cupit
838 3212 937 3273 lilium
970 3230 1073 3274 meum
1097 3213 1136 3274 ad
1161 3210 1359 3273 nutriendum

290 3301 441 3380 accipere.
480 3299 510 3363 Si
527 3302 579 3362 vni
595 3301 795 3364 concederem
819 3305 848 3363 et
871 3319 935 3363 non
952 3301 1044 3378 alteri,
1068 3301 1157 3364 ceteri
1181 3319 1244 3363 non
1261 3304 1361 3362 essent

290 3389 437 3453 contenti.
473 3389 545 3452 ldeo
561 3389 639 3452 inter
654 3407 712 3452 uos
727 3407 837 3452 omnes
852 3390 952 3451 lilium
970 3408 1073 3451 meum
1097 3389 1136 3451 ad
1160 3389 1359 3451 nutriendum

290 3483 321 3542 et
344 3478 581 3540 doctrinandum
605 3478 723 3541 trado.u
762 3479 805 3541 llli
830 3479 890 3540 hoc
912 3478 1070 3541 audientes
1086 3479 1182 3558 capita
1204 3496 1260 3540 sua
1275 3478 1360 3540 incli-

234 3585 264 3631 ω
291 3569 410 3630 nabant
438 3584 473 3629 ac
502 3567 618 3647 gracias
654 3568 681 3630 ei
712 3567 925 3644 reddiderunt;
961 3585 1091 3648 puerum
1122 3571 1303 3646 accepemnt
1332 3572 1361 3629 et

290 3673 402 3719 versus
438 3655 566 3719 Romam
602 3675 705 3719 secum
741 3657 904 3719 duxerunt.
963 3655 1045 3719 Cum
1080 3674 1153 3718 vero
1189 3674 1243 3736 per
1277 3656 1359 3718 uiam

291 3745 487 3824 equitassent,
511 3745 551 3806 ait
566 3746 708 3824 magister
726 3746 824 3812 Katho
839 3745 932 3809 sociis
947 3745 1024 3808 suis:
1051 3745 1237 3813 „Karissimi
1257 3745 1361 3807 audite
1422 3746 1425 3749 ’

291 3833 458 3897 consilium
491 3837 610 3896 meum!
657 3833 688 3897 Si
719 3853 849 3915 puerum
882 3834 913 3896 in
942 3835 1058 3897 civitate
1089 3851 1216 3896 romana
1246 3834 1361 3896 nutrire

292 3923 447 3986 debemus
469 3939 505 3984 ac
527 3922 646 3998 docere,
677 3927 776 3986 tantus
806 3924 943 4003 populus
965 3923 1080 3985 ibidem
1105 3923 1242 3998 confluit,
1273 3921 1360 4001 quod

237 4028 266 4073 so
292 4029 427 4092 puerum
451 4010 623 4073 adoctrina
638 4011 813 4091 impedient.
850 4013 939 4073 Extra
956 4011 1084 4079 Romam
1102 4011 1140 4073 ad
1164 4011 1242 4072 duas
1259 4011 1360 4073 leucas

292 4105 338 4164 est
365 4098 526 4179 quoddam
557 4099 734 4162 viridarium
759 4101 852 4163 sancti
883 4100 1015 4162 Martini.
1069 4100 1112 4162 lbi
1147 4104 1361 4161 construemus

293 4206 445 4252 cameram
472 4187 630 4268 lapideam,
655 4189 685 4250 in
710 4207 771 4269 qua
795 4207 871 4269 puer
894 4189 991 4269 possit
1014 4189 1121 4249 nutriri
1141 4206 1177 4249 ac
1199 4187 1359 4248 scienciam
