3584 4884
864 465 1083 522 -46...

439 638 554 717 accepit
576 637 707 701 frustum
730 636 891 699 arundinis
919 640 1058 716 apertum
1082 656 1120 699 ex
1142 641 1385 717 utraque-parte,
1408 640 1445 714 et,
1469 654 1508 700 eo

440 726 566 806 impleto
591 726 716 807 pulvere
740 726 907 804 mortifero,
939 726 993 788 ivit
1013 725 1053 787 ad
1077 725 1164 787 illum
1193 726 1269 788 dum
1293 725 1449 803 domriret,
1479 729 1510 787 et

440 813 649 895 discooperuit
672 818 755 877 nates
778 815 853 891 eius,
884 819 919 876 ut
944 815 1101 895 pulverem
1125 814 1336 877 intromitteret
1358 814 1390 875 in
1412 832 1508 876 anum

384 922 413 967 40
440 922 541 967 suum.
588 906 716 966 Etcum
742 904 887 983 inciperet
910 904 967 966 bec
988 921 1079 982 agere
1101 904 1255 983 expiratus
1278 908 1323 966 est
1336 907 1446 966 ventus
1467 903 1509 966 de

440 1010 578 1072 corpore.
593 992 675 1055 illius
698 998 727 1055 et
757 992 859 1073 pulvis
886 997 932 1055 est
954 992 1107 1072 impulsus
1137 992 1168 1053 in
1193 1010 1248 1056 ore
1270 991 1415 1069 mulieris,
1446 1010 1508 1072 que

440 1081 554 1145 corruit
577 1086 742 1144 retrorsum
767 1082 798 1143 in
827 1086 907 1143 terra
928 1086 958 1144 et
984 1086 1105 1146 mortua
1132 1085 1184 1158 est,
1215 1081 1362 1144 heremita
1384 1080 1509 1144 vidente

440 1170 497 1233 hec
519 1171 632 1233 omnia.

531 1259 677 1322 Diluculo
700 1277 775 1323 vero
797 1259 921 1321 recessit
943 1259 1089 1322 heremita
1111 1258 1184 1321 inde
1207 1263 1236 1321 et
1250 1258 1304 1321 ivit
1321 1258 1361 1321 ad
1377 1275 1509 1337 queren-

384 1366 414 1411 45
440 1348 516 1410 dum
541 1348 648 1425 iurem,
673 1353 702 1411 et
725 1348 895 1428 hospitatus
918 1353 964 1411 est
985 1348 1017 1410 in
1034 1348 1131 1411 domo
1154 1347 1314 1410 cuiusdam
1338 1347 1394 1409 viri
1417 1346 1508 1411 amici

440 1437 487 1501 sui
511 1438 565 1516 qui
582 1438 717 1517 precepit
733 1437 821 1500 uxori
837 1454 893 1499 sue
909 1436 1027 1500 dicens:
1051 1437 1132 1499 Volo
1148 1440 1182 1499 ut
1197 1437 1349 1520 honorem
1367 1435 1509 1498 conteras

441 1525 513 1589 huic
535 1526 611 1604 viro,
643 1531 672 1589 et
694 1526 721 1589 ei
750 1525 855 1588 omnia
882 1526 999 1589 tribuas
1026 1525 1201 1602 necessaria,
1232 1526 1381 1605 quoniam
1407 1524 1505 1603 [socii]

441 1614 500 1677 mei
533 1634 582 1677 me
610 1614 813 1677 invitaverunt
840 1632 896 1677 nec
927 1619 1035 1694 potero
1064 1614 1169 1677 venire
1201 1615 1233 1675 in
1264 1614 1321 1676 hac
1348 1618 1449 1689 nocte,
1479 1619 1509 1680 et

440 1704 514 1766 abiit
543 1704 599 1767 vir.
646 1704 815 1767 Adamabat
844 1707 945 1766 autem
976 1721 1105 1766 uxorem
1136 1703 1184 1765 vir
1212 1702 1353 1782 quidam,
1383 1706 1508 1781 eratque

384 1809 413 1855 5ο
441 1792 509 1855 lena
533 1793 643 1858 mulier
658 1793 799 1873 quedam,
824 1810 903 1855 uxor
925 1792 1156 1869 barbitonsoris,
1186 1792 1285 1854 vicina
1307 1792 1383 1855 eius.
1424 1791 1509 1855 Dixit

441 1881 551 1944 mulier
573 1882 662 1945 uxori
686 1881 908 1949 barbitonsoris
924 1881 1010 1961 quod
1026 1882 1082 1943 iret
1103 1885 1133 1943 et
1147 1885 1269 1944 vocaret
1282 1880 1341 1943 sibi
1357 1880 1506 1942 amasium

440 1988 532 2033 suum
556 1975 590 2033 ut
613 1972 729 2035 veniret
752 1975 840 2035 nocte
863 1970 922 2046 illa,
954 1970 1103 2049 quoniam
1126 1970 1173 2031 vir
1200 1970 1267 2033 eius
1294 1987 1358 2033 non
1389 1973 1453 2031 erat
1475 1969 1506 2031 in

440 2059 546 2137 domo,
576 2064 604 2123 et
627 2060 685 2123 sibi
709 2060 822 2123 diceret
844 2059 931 2139 quod
954 2064 1034 2123 esset
1060 2060 1092 2121 in
1116 2060 1195 2122 ostio
1218 2058 1333 2122 domus
1355 2057 1457 2121 donec
1479 2057 1507 2119 ei

440 2148 552 2211 intrare
575 2150 749 2229 preciperet.
796 2148 878 2211 Fecit
900 2149 1002 2228 itaque
1024 2166 1104 2211 uxor
1126 2148 1357 2223 barbitonsoris,
1380 2146 1458 2210 sicut
1479 2146 1507 2208 ei

384 2254 413 2300 55
440 2238 635 2299 constituerat
658 2238 775 2314 mulier,
804 2241 833 2299 et
855 2237 983 2300 veniens
1006 2237 1056 2299 ille
1079 2238 1176 2299 stabat
1199 2237 1230 2299 in
1253 2236 1333 2299 ostio
1355 2235 1457 2298 donec
1479 2235 1506 2297 ei

441 2324 551 2387 intrare
574 2325 725 2389 diceretur
747 2344 846 2405 usque
866 2330 896 2387 at
919 2331 1049 2391 noctem.
1096 2326 1218 2387 interim
1234 2343 1309 2387 vero
1331 2324 1508 2404 supervenit

440 2413 661 2493 paterfamilias,
692 2414 745 2493 qui
774 2432 844 2477 cum
871 2414 967 2493 [eum]
992 2415 1109 2477 videret
1136 2414 1167 2476 in
1192 2414 1271 2477 ostio
1298 2431 1354 2476 sue
1384 2412 1506 2490 domus,

428 2520 509 2564 cum
539 2502 628 2565 etiam
657 2503 759 2583 ipsum
788 2508 964 2583 suspectum
996 2504 1121 2566 haberet
1150 2514 1233 2583 erga·
1253 2520 1381 2565 uxorem
1409 2520 1506 2578 suam,

439 2592 546 2654 acriter
575 2592 703 2671 alligans
733 2610 800 2655 eam
831 2592 870 2654 ad
900 2592 1076 2655 columnam
1105 2592 1219 2655 domus
1247 2592 1300 2655 ivit
1329 2590 1507 2653 dormitum.

383 2698 413 2744 oo
440 2680 585 2760 Cumque
608 2681 737 2743 traheret
760 2681 802 2744 ibi
827 2699 946 2743 moram
962 2682 1095 2745 amasius
1111 2682 1256 2757 mulieris,
1280 2680 1362 2743 misit
1383 2679 1423 2741 ad
1439 2698 1506 2741 eam

440 2768 539 2831 lenam
564 2787 691 2832 uxorem
716 2770 947 2849 barbitonsoris,
971 2789 1032 2850 que
1053 2770 1201 2833 accedens
1219 2770 1351 2846 adeam,
1375 2768 1452 2829 dixit
1465 2768 1506 2831 ei:

440 2857 526 2931 Quid
556 2859 603 2921 vis
633 2863 666 2921 ut
695 2858 783 2921 faciat
812 2860 859 2923 vir
889 2860 941 2924 ille
969 2878 1040 2922 cum
1071 2863 1100 2922 te
1123 2858 1210 2921 dium
1239 2858 1284 2921 sit
1308 2858 1335 2919 ei
1363 2857 1395 2919 in
1426 2857 1507 2919 ostio

439 2948 620 3027 expectare?
667 2947 727 3010 Cui
752 2948 922 3027 respondit:
948 2948 1037 3028 Rogo
1060 2953 1089 3009 te
1112 2952 1146 3010 ut
1166 2948 1242 3009 mihi
1265 2946 1405 3010 conteras
1428 2946 1508 3008 hanc

439 3036 566 3115 gratiam
590 3041 623 3098 ut
645 3036 786 3099 absolvas
810 3056 859 3099 me
883 3038 955 3100 hinc
970 3042 999 3100 et
1021 3042 1050 3099 te
1071 3037 1147 3115 liges
1163 3038 1194 3098 in
1211 3055 1281 3099 meo
1306 3036 1383 3112 loco,
1406 3034 1508 3097 donec

382 3142 413 3188 on
439 3126 549 3187 vadam
573 3130 602 3187 et
616 3126 750 3188 tractabo
766 3126 798 3187 in
814 3144 885 3189 meo
906 3127 976 3189 loco
992 3144 1062 3189 cum
1079 3144 1117 3188 eo
1133 3131 1162 3189 et
1177 3129 1308 3187 revertar
1322 3124 1506 3187 festinanter.

441 3214 477 3275 Et
499 3214 570 3277 iecit
592 3214 631 3277 ita
654 3218 683 3277 et
713 3214 816 3293 ligavit
842 3233 875 3277 se
903 3234 983 3278 uxor
1012 3215 1234 3278 barbitonsoris
1261 3213 1331 3276 loeo
1361 3212 1506 3289 mulieris,

440 3302 540 3365 donec
564 3303 674 3365 rediret
696 3304 736 3365 ab
758 3304 875 3367 amasio
898 3322 965 3367 suo.
1001 3304 1123 3367 lnterim
1146 3321 1220 3366 vero
1243 3302 1387 3365 excitatus
1410 3307 1507 3381 pater-

439 3390 569 3453 familias
596 3391 636 3453 de
667 3410 725 3455 suo
756 3410 900 3472 sompno,
931 3393 1050 3455 vocavit
1079 3410 1207 3455 uxorem
1237 3409 1338 3467 suam;
1367 3395 1398 3453 at
1427 3407 1508 3453 uxor
1565 3392 1569 3397 “

440 3478 662 3542 barbitonsoris
690 3498 753 3543 non
785 3482 998 3561 respondebat
1029 3500 1068 3544 ne
1094 3482 1173 3544 torte
1200 3499 1267 3543 eam
1298 3482 1506 3559 cognosceret

383 3567 412 3613 ‘²⁰
441 3566 492 3627 llle
515 3585 597 3645 vero,
621 3586 691 3630 curn
716 3570 892 3633 multotiens
914 3576 1035 3633 vocaret
1061 3571 1158 3651 ipsam
1181 3575 1211 3633 et
1233 3586 1416 3649 responsum
1441 3586 1506 3630 non

440 3655 525 3717 daret
547 3656 583 3733 ei,
607 3661 790 3735 provocatus
813 3658 857 3720 ira
879 3660 1016 3738 surrexit,
1040 3664 1069 3721 et
1091 3659 1145 3722 ivit
1159 3659 1198 3721 ad
1214 3677 1280 3721 eam
1296 3662 1327 3721 et
1339 3656 1508 3737 amputavit

440 3744 467 3806 ei
506 3761 631 3822 nasum,
670 3745 776 3809 dicens
814 3747 855 3809 ei:
893 3747 980 3810 Alter
1017 3752 1104 3811 tuum
1143 3766 1252 3811 nasum
1292 3747 1323 3808 in
1362 3745 1505 3808 exenium

439 3832 555 3895 amasio
578 3836 640 3897 tuo.

529 3921 674 4001 Cumque
709 3922 820 3985 rediret
850 3925 961 3987 mulier
990 3926 1030 3988 ab
1059 3925 1176 3988 amasio
1206 3942 1280 4002 suo,
1313 3923 1389 3986 vidit
1419 3922 1505 4002 quod

383 4029 413 4075 u
439 4010 547 4074 accidit
576 4028 632 4074 sue
662 4012 753 4089 socie,
785 4013 873 4075 uxori
905 4013 1139 4090 barbitonsoris,
1170 4017 1200 4075 et
1228 4013 1393 4077 absolvens
1422 4012 1505 4075 illam

440 4100 544 4180 ligavit
566 4118 599 4164 se
622 4100 691 4165 loco
707 4118 764 4166 suo
784 4106 813 4163 et
835 4120 915 4165 uxor
937 4102 1160 4165 barbitonsoris
1174 4102 1249 4164 abiit
1264 4102 1295 4162 in
1311 4102 1392 4163 viam
1408 4119 1505 4180 suam,

439 4190 585 4255 heremita
612 4190 734 4253 vidente
763 4190 818 4253 hec
841 4190 954 4253 omnia
1001 4192 1037 4252 Et
1059 4190 1200 4252 meditata
1226 4194 1271 4252 est
1297 4208 1377 4253 uxor
1399 4191 1506 4271 patris-
