3584 4884
719 439 963 499 -151-

302 616 409 674 autem
440 612 634 676 introductus
665 613 780 691 fuisset,
811 614 862 676 illa
885 615 1020 677 hostium
1052 614 1158 677 clausit
1181 620 1210 677 et
1231 615 1285 677 ait:
1312 615 1376 679 „lbi

304 701 507 781 exspectabis
536 720 702 782 quousque
724 707 846 782 tempus
870 703 1016 779 habuero,
1048 704 1174 782 quando
1198 708 1226 765 te
1249 704 1378 766 liberare

305 790 437 870 possim.
471 790 610 853 Domina
632 792 687 853 ista
710 791 841 871 singulis
864 792 975 855 diebus
998 810 1070 855 eum
1093 792 1225 855 uisitauit
1248 796 1276 854 et
1299 810 1377 872 pane

305 883 337 940 et
358 897 440 957 aqua
467 879 656 942 sustentauit
703 880 756 942 llle
785 898 860 943 vero
890 881 996 960 sepius
1026 881 1053 943 ei
1084 899 1189 961 preces
1220 881 1375 958 fundebat,

240 971 342 1029 munt
371 986 444 1029 eum
472 968 559 1031 abire
588 968 760 1047 permittBl.
788 969 978 1048 t09v.)teret.
1023 969 1063 1031 nt
1085 970 1150 1031 illa:
1185 1006 1199 1037 l
1207 970 1276 1031 Deo
1306 988 1377 1032 meo

306 1074 422 1133 uoueo,
462 1056 549 1135 quod
584 1057 627 1120 ibi
660 1057 861 1137 exspectabis
900 1058 1002 1121 donec
1035 1058 1183 1121 dominus
1217 1077 1304 1121 meus
1338 1058 1377 1121 de

144 1141 145 1205 l
306 1144 494 1225 imperatore
509 1146 634 1209 venerit
673 1148 710 1208 Et
724 1150 798 1208 tunc
813 1146 935 1223 videb0,
959 1147 990 1209 in
1015 1164 1079 1226 quo
1102 1151 1178 1209 statu
1203 1147 1241 1209 sit
1256 1147 1378 1209 camisia

306 1233 429 1295 domini
461 1234 550 1296 mei.u
608 1234 682 1297 Post
711 1234 769 1298 bec
798 1235 858 1297 cito
887 1234 1043 1299 secundus
1078 1235 1165 1298 miles
1199 1236 1331 1314 quesiuit
1360 1253 1379 1297 a

305 1323 499 1402 carpentario
522 1323 652 1388 eandem
676 1324 879 1403 questionem,
911 1342 1006 1403 quare
1029 1324 1151 1386 camisia
1174 1340 1230 1386 sua
1257 1324 1376 1387 locione

243 1428 373 1473 neonon
404 1411 564 1490 indigeret.
612 1412 664 1473 llle
693 1430 768 1474 vero
801 1412 961 1493 respondit
984 1413 1011 1475 ei
1042 1413 1119 1475 sicut
1149 1412 1250 1492 primo
1280 1413 1375 1475 militi.

307 1499 400 1562 Miles
423 1500 481 1563 hec
503 1500 634 1565 audiens
656 1501 755 1563 statim
778 1501 817 1562 ad
834 1500 964 1563 domum
989 1501 1055 1563 eius
1079 1501 1210 1580 perrexit
1232 1502 1376 1580 cogitans,

306 1588 474 1667 quomodo
497 1607 564 1651 eam
588 1590 735 1652 seducere
759 1594 870 1669 posset,
894 1589 980 1669 quod
1005 1590 1031 1651 ei
1056 1590 1246 1653 consentiret.
1281 1590 1377 1651 Multa

306 1677 459 1757 promisit.
499 1678 552 1740 llla
566 1697 641 1741 vero
656 1696 728 1741 cum
743 1679 931 1741 voluntatem
948 1679 1014 1741 eius
1037 1678 1168 1755 vidisset,
1192 1678 1223 1739 in
1248 1677 1376 1741 eandem

305 1784 460 1829 cameram
485 1784 556 1828 cum
582 1767 684 1847 priore
707 1785 778 1829 eum
804 1767 927 1829 inclusit
949 1786 984 1830 ac
1007 1785 1085 1847 pane
1108 1771 1138 1829 et
1159 1786 1238 1847 aqua
1261 1772 1377 1830 susten-

243 1872 296 1917 mu
305 1855 389 1919 lauit
450 1855 573 1917 Deinde
604 1856 688 1918 venit
719 1856 830 1919 tercius
860 1856 949 1918 miles
972 1860 1001 1917 et
1023 1855 1152 1918 eandem
1184 1856 1375 1935 questionem

305 1963 324 2005 a
353 1944 546 2023 carpentario
577 1945 719 2023 quesiuit
766 1945 963 2025 Responsum
997 1948 1059 2007 erat
1089 1944 1116 2007 ei
1146 1944 1224 2007 sicut
1253 1945 1377 2008 duobus

306 2032 427 2112 primis.
460 2033 513 2095 llle
528 2052 603 2096 vero
619 2034 718 2096 statim
734 2034 773 2096 ad
790 2034 921 2097 domum
938 2033 1004 2095 eius
1028 2034 1159 2113 perrexit
1174 2038 1203 2095 et
1218 2033 1376 2096 dominam

306 2121 478 2200 solicitauit,
503 2123 534 2184 in
558 2126 708 2201 quantum
733 2122 840 2202 potuit
874 2121 935 2185 Sed
960 2121 1053 2185 nichil
1069 2122 1096 2184 ei
1113 2122 1214 2197 valuit,
1238 2126 1267 2184 et
1282 2122 1376 2184 eciam

306 2227 380 2272 eum
404 2229 475 2273 cum
500 2211 659 2291 prioribus
681 2211 812 2274 inclusit.
862 2212 911 2273 De
934 2211 998 2273 istis
1028 2210 1177 2273 militibus
1199 2210 1377 2273 absentibus

245 2299 385 2361 resolacta
414 2304 460 2362 est
494 2318 606 2379 magna
636 2300 811 2363 commocio
846 2300 877 2362 in
911 2300 1008 2362 domo
1040 2298 1241 2379 imperatoris
1288 2299 1377 2363 Vnde

307 2392 380 2467 post
402 2388 460 2451 hec
482 2392 697 2451 consumatum
714 2393 759 2451 est
774 2388 924 2469 palacium
946 2388 1150 2469 imperatoris,
1174 2388 1378 2468 carpentarius

307 2494 384 2539 vero
406 2482 529 2557 accepta
545 2476 686 2540 mercede
709 2482 738 2540 et
760 2477 885 2541 licencia
908 2476 1038 2540 domum
1063 2476 1204 2557 perrexit.
1241 2477 1378 2541 Domina

308 2582 392 2642 vero,
425 2583 505 2628 vxor
533 2566 608 2643 eius,
644 2583 708 2629 non
739 2566 897 2629 modicum
933 2566 1072 2645 gaudens
1102 2584 1172 2628 eum
1206 2565 1377 2628 honorilice

308 2653 423 2733 recepit
446 2658 475 2716 et
497 2653 538 2715 de
560 2658 637 2716 statu
661 2672 719 2717 suo
743 2654 885 2734 quesiult.
926 2654 977 2717 llle
1001 2655 1170 2734 respondit:
1198 2655 1300 2721 „uene
1324 2673 1378 2734 per

245 2759 299 2805 1³⁶5
309 2743 443 2805 omnia,u
494 2742 546 2804 llla
568 2761 645 2806 uero
676 2744 807 2823 respexit
837 2742 991 2805 camisiam
1022 2743 1195 2822 uidensque
1217 2762 1284 2806 eam
1308 2742 1379 2806 satis

309 2831 460 2893 mundam
494 2831 550 2893 ait:
588 2832 791 2896 „Benedictus
825 2830 916 2893 deus!
971 2830 1105 2911 Apparet
1138 2831 1220 2893 eninr
1256 2832 1287 2893 in
1322 2832 1377 2894 ista

308 2920 441 2997 camisia,
472 2920 559 2999 quod
582 2938 670 2983 amor
701 2919 791 2983 durat
820 2920 898 2981 inter
922 2937 980 2981 nos
1008 2923 1037 2981 et
1063 2924 1108 2983 est
1130 2919 1252 2982 dilectio
1275 2935 1373 2982 vera.u

309 3008 374 3082 Qui
397 3009 451 3071 ait:
485 3008 680 3086 „Karissima
710 3009 809 3071 dioem
841 3008 896 3070 tibi
926 3007 1062 3086 aliquod.
1108 3008 1190 3071 Cum
1219 3026 1316 3071 essem
1345 3009 1376 3071 in

309 3098 428 3177 palacio
467 3098 686 3175 construendo
724 3102 875 3161 venerunt
912 3096 951 3159 ad
988 3114 1037 3172 me
1072 3098 1108 3158 111
1142 3096 1259 3175 milites
1298 3114 1378 3161 vnus

246 3204 300 3248 raro
309 3190 381 3265 post
425 3186 538 3262 alium,
584 3191 614 3249 et
650 3186 690 3248 de
733 3186 856 3249 camisia
894 3204 964 3248 mea
1008 3186 1200 3265 quesierunt,
1250 3186 1378 3266 quando

309 3293 376 3336 eam
412 3292 536 3355 semper
570 3274 732 3337 candidam
767 3280 797 3337 et
831 3274 980 3337 mundam
1015 3274 1165 3339 viderunt
1219 3276 1269 3337 Eis
1303 3295 1378 3340 vero

308 3364 464 3425 veritatem
496 3362 652 3442 respondi,
683 3368 712 3425 et
738 3364 778 3425 ab
806 3364 859 3426 illo
888 3364 939 3425 die
970 3367 1158 3426 recesserunt
1187 3368 1216 3425 et
1245 3365 1378 3445 amplius

308 3470 373 3514 non
397 3456 470 3514 sunt
492 3452 578 3513 visin
628 3452 667 3513 nt
689 3451 754 3514 illa:
790 3452 859 3517 „De
882 3452 942 3515 illis
971 3452 1069 3515 tribus
1099 3452 1247 3515 militibus
1277 3454 1376 3517 dicam

307 3540 362 3602 tibi
398 3557 503 3619 pauca.
562 3540 622 3619 lpsi
652 3540 691 3602 ad
722 3559 773 3603 me
801 3545 959 3619 venerunt,
997 3559 1077 3603 vnus
1108 3546 1177 3621 post
1206 3542 1310 3620 alium,
1350 3549 1379 3607 et

244 3646 300 3691 1375
311 3629 408 3691 multa
443 3627 536 3691 michi
567 3628 782 3707 promiserunt,
818 3634 851 3691 ut
880 3630 925 3692 eis
959 3630 1175 3707 consentirem;
1211 3651 1271 3712 ego
1303 3652 1378 3696 vero

307 3717 508 3797 porpendens
537 3734 676 3779 amorem
711 3722 797 3780 tuum
831 3717 918 3781 nolui
951 3718 994 3781 eis
1026 3720 1207 3798 consentire,
1238 3722 1292 3785 sed
1323 3741 1378 3786 eos

307 3806 445 3869 inclusos
467 3811 558 3869 teneo
586 3805 617 3867 in
642 3806 774 3885 quadam
798 3825 918 3869 camera
940 3812 969 3869 et
999 3826 1077 3887 pane
1101 3812 1130 3871 et
1157 3828 1237 3890 aqua
1260 3816 1378 3875 susten-

306 3895 398 3957 taui.u
459 3893 679 3974 carpentarius
715 3895 772 3957 hec
808 3895 938 3957 audiens
975 3896 1101 3975 gauisus
1133 3904 1179 3961 est
1211 3900 1300 3963 valde
1338 3902 1378 3965 de

306 3982 506 4046 constanticia
528 3983 633 4045 uxoris
655 3987 684 4045 et
706 3982 792 4063 quod
823 3983 933 4046 milites
963 4002 980 4046 a
1008 3989 1106 4047 morte
1133 3988 1270 4051 saluauit.
1318 3992 1378 4053 Eos

244 4076 410 4134 rasoautem
443 4071 529 4133 abire
564 4072 709 4151 permisit,
744 4076 773 4133 et
801 4072 895 4134 ambo
926 4072 957 4133 in
991 4091 1097 4136 amore
1131 4076 1181 4137 tali
1212 4095 1309 4157 vsque
1338 4080 1378 4143 ad

305 4160 402 4222 finem
427 4160 488 4221 vite
512 4165 753 4239 permanserunt.
