3584 4884
693 459 935 516 -117-

279 629 386 692 dilexit
416 634 446 691 et
476 629 674 692 elemosinam
706 648 764 710 pro
794 630 860 693 eius
888 648 994 693 amore
1024 630 1129 710 sepius
1158 630 1251 692 dedit
1295 630 1345 693 Ab

226 736 253 782 so
280 718 431 781 omnibus
456 723 519 781 erat
540 718 655 795 dilecta,
683 719 755 798 quia
778 725 840 782 erat
866 719 1015 782 omnibus
1037 719 1183 799 graciosa
1227 719 1347 782 Accidit

279 825 340 869 vna
372 811 471 883 nocte,
505 807 591 886 quod
621 808 780 871 confessor
808 808 875 870 eius
905 826 1008 871 coram
1043 808 1121 871 lecto
1150 826 1232 887 genu
1263 807 1346 872 flexo

280 896 450 975 quinquies
479 897 544 958 Ave
574 897 671 958 Maria
704 897 789 959 beate
823 897 934 976 virgini
969 896 1089 960 diceret
1133 897 1284 977 Apparuit
1316 898 1345 960 ei

278 985 368 1048 beata
401 985 490 1064 virgo
521 989 550 1046 et
578 986 630 1047 ait:
668 986 864 1063 „Karissime
899 1004 959 1065 ego
992 1004 1062 1048 sum
1095 986 1195 1065 [virgo
1226 986 1345 1065 Marial.

281 1073 394 1136 Habeo
424 1074 480 1135 tibi
510 1074 612 1152 aliqua
640 1075 806 1154 proferret
855 1075 1027 1138 Confessor
1055 1075 1122 1138 eius
1152 1075 1279 1154 gauisus
1301 1079 1346 1138 cst

230 1182 255 1226 aa
281 1161 372 1224 valde
395 1166 425 1224 et
447 1163 499 1224 ait:
537 1163 624 1240 „Die
655 1163 782 1226 domina
804 1164 969 1240 karissima,
998 1182 1091 1227 seruo
1113 1169 1177 1242 tuo,
1206 1182 1267 1243 que
1289 1163 1345 1227 tibi

281 1252 437 1331 placentf⁴¹
487 1251 558 1324 Que
587 1253 639 1315 ait:
675 1252 810 1332 „Regina
845 1253 931 1316 istius
965 1253 1051 1332 regni
1084 1253 1140 1316 fibi
1174 1253 1345 1316 confitetur.

280 1341 399 1403 Tamen
435 1359 531 1402 vnum
567 1345 722 1420 peccatum
753 1341 920 1418 commisit,
953 1341 1039 1421 quod
1072 1360 1135 1405 non
1165 1341 1258 1404 audet
1291 1361 1346 1423 pre

282 1429 378 1492 nimia
408 1429 593 1492 verecundia
622 1430 676 1492 tibi
707 1431 850 1510 pandere.
899 1431 959 1494 Die
987 1449 1062 1494 vero
1093 1431 1221 1494 crastina
1249 1430 1289 1493 ad
1316 1436 1346 1495 te

281 1519 384 1581 veniet
399 1537 491 1582 eausa
506 1519 718 1582 confessionis.
758 1520 817 1583 Dic
832 1539 868 1582 ex
884 1525 968 1600 parte
983 1538 1059 1598 mea,
1082 1520 1168 1600 quod
1184 1520 1345 1584 elimosine

233 1627 268 1672 roo
282 1627 337 1672 sue
361 1613 392 1672 et
415 1608 575 1672 oraciones
604 1613 675 1671 sunt
704 1613 871 1689 presentate
899 1609 931 1671 in
958 1614 1123 1688 conspectu
1154 1609 1210 1670 filii
1234 1609 1294 1672 mei
1317 1613 1346 1672 et

281 1702 410 1778 accepte,
451 1702 479 1760 et
518 1698 576 1776 (BL
609 1699 672 1777 lv.)
711 1697 797 1778 quod
834 1698 1015 1762 confiteatur
1054 1696 1094 1760 de
1131 1697 1185 1760 illo
1223 1702 1344 1777 peccato

283 1787 368 1866 quod
393 1787 512 1867 pn'uate
544 1787 575 1848 in
599 1805 716 1850 camera
738 1792 793 1849 si1a
816 1786 983 1861 commisit,
1014 1785 1088 1865 quia
1113 1786 1222 1864 rogaui
1245 1786 1344 1848 filium

283 1894 386 1937 meum
419 1893 477 1955 pro
508 1894 543 1937 ea
580 1880 609 1938 et
639 1876 799 1938 remissum
830 1879 876 1938 esf
905 1876 933 1937 ei
964 1879 1128 1955 peccatum,
1159 1875 1185 1937 si
1215 1875 1347 1938 voluerit

283 1965 432 2028 confiteri.
483 1963 514 2027 Si
544 1982 618 2026 vero
647 1965 735 2027 dictis
769 1964 828 2026 fuis
863 1964 996 2027 noluerit
1027 1964 1232 2043 acquiescere,
1271 1982 1346 2044 roga

235 2070 270 2115 101
283 2072 366 2130 eam,
415 2057 448 2115 vt
488 2053 677 2134 cyrothecam
715 2054 755 2116 de
796 2071 889 2116 manu
933 2070 990 2115 sua
1032 2052 1154 2116 sinistra
1197 2051 1344 2132 deponat!

284 2143 373 2204 Elin
398 2143 499 2222 palma
523 2142 588 2205 eius
611 2147 765 2223 peccatum
793 2160 885 2205 suum
909 2141 1110 2205 commissum
1134 2146 1164 2203 et
1185 2159 1249 2204 non
1273 2159 1346 2204 con-

284 2231 399 2294 fessum
425 2231 554 2294 videbis.
600 2231 632 2295 Si
656 2231 788 2294 noluerit
814 2231 1006 2312 cyrothecam
1029 2231 1194 2310 deponere,
1224 2230 1255 2292 vi
1278 2247 1345 2291 eam

284 2321 442 2382 extrahe!¹⁴
500 2321 569 2383 lliis
602 2319 690 2383 dictis
722 2321 810 2384 beata
839 2321 927 2400 virgo
962 2320 1095 2382 euanuit
1150 2319 1242 2381 Mane
1271 2337 1346 2382 vero

284 2409 390 2488 regina
412 2409 484 2470 satis
507 2407 660 2471 humiliter
686 2409 887 2472 confitebatur
911 2409 950 2472 de
972 2408 1120 2471 omnibus
1142 2412 1268 2486 excepto
1292 2407 1346 2470 illo

237 2514 272 2558 11⁰
285 2501 417 2577 peccato.
452 2496 533 2559 Cum
556 2500 655 2559 autern
680 2498 785 2561 omnia
807 2499 939 2576 dixisset,
962 2516 1024 2576 que
1046 2497 1074 2559 ei
1098 2496 1283 2576 placuerunt,
1306 2497 1347 2558 ait

283 2587 455 2648 confessor:
482 2585 638 2649 „Domina
654 2590 683 2648 et
697 2586 761 2648 filia
779 2586 943 2663 karissima,
967 2586 1054 2648 multi
1078 2586 1173 2647 multa
1195 2585 1345 2662 locuntur,

283 2693 378 2753 quare
402 2691 523 2753 semper
540 2674 570 2735 in
595 2693 688 2737 manu
704 2675 825 2738 sinistra
840 2676 1031 2756 cyrothecam
1048 2679 1160 2755 portas.
1195 2674 1347 2736 Audacter

283 2763 375 2825 michi
401 2781 527 2825 manum
552 2764 703 2841 extendas,
727 2769 759 2826 vt
781 2765 897 2844 possim
920 2764 1032 2841 videre,
1062 2764 1092 2826 si
1112 2764 1200 2826 lateat
1220 2761 1345 2842 aliquid,

283 2852 370 2932 quod
399 2852 460 2914 deo
492 2869 555 2915 non
587 2853 734 2932 placeatl‘¹
783 2854 821 2916 At
848 2854 911 2915 illa:
945 2853 1109 2930 „Domine
1141 2870 1251 2915 manus
1279 2869 1346 2913 mea

234 2960 269 3004 115
283 2959 358 3004 sana
382 2959 446 3004 non
471 2946 522 3019 est,
554 2946 583 3004 et
605 2943 677 3006 ideo
704 2961 770 3004 eam
795 2943 849 3005 tibi
873 2942 1033 3005 ostendere
1063 2942 1166 3005 nolo.u
1215 2941 1267 3002 llle
1291 2940 1346 3002 hec

281 3030 412 3092 audiens
447 3049 502 3110 per
532 3031 691 3093 brachium
722 3050 789 3094 eam
820 3031 934 3111 accepit
967 3035 996 3093 et
1022 3036 1127 3094 contra
1158 3029 1344 3092 voluntatem

282 3119 350 3181 eius
384 3121 576 3198 cyrothecam
607 3120 750 3183 abstraxit
779 3125 808 3182 et
837 3121 889 3182 ait:
928 3120 1091 3196 „Domina
1127 3119 1191 3181 noli
1225 3119 1344 3180 timere!

284 3209 374 3270 Beata
398 3209 495 3287 virgo,
520 3227 581 3288 que
603 3214 632 3270 te
656 3209 760 3272 intime
784 3209 890 3288 diligit,
915 3209 1007 3271 michi
1031 3208 1172 3288 precepit,
1196 3208 1256 3270 hoc
1279 3225 1346 3286 per-

283 3301 429 3376 petrare.¹¹
463 3297 544 3360 Cum
572 3315 646 3360 vero
674 3316 798 3360 manum
826 3302 960 3377 apertam
976 3297 1108 3374 vidisset,
1124 3296 1201 3359 vidit
1215 3301 1347 3375 quatuor

233 3403 269 3448 uo
284 3387 415 3448 circulos
439 3387 623 3464 sangvineos
646 3405 680 3448 ac
704 3387 861 3450 rotundos.
902 3387 937 3448 Et
960 3386 991 3447 in
1015 3387 1116 3466 primo
1132 3385 1247 3448 circulo
1262 3391 1347 3446 erant

284 3479 418 3553 quatuor
447 3475 618 3551 CCCC,
654 3475 685 3536 in
715 3476 852 3538 secundo
886 3475 1001 3538 circulo
1031 3475 1070 3537 lV
1094 3475 1217 3536 DDD
1236 3474 1279 3550 D,
1313 3473 1345 3534 in

284 3563 377 3625 tercio
401 3563 515 3626 circulo
532 3565 572 3628 lV
595 3565 628 3626 M
646 3565 678 3625 Μ
695 3564 728 3626 Μ
745 3565 792 3642 Nl,
816 3565 847 3626 in
869 3569 978 3643 quarto
998 3563 1113 3626 circulo
1130 3564 1169 3626 lV
1185 3562 1212 3631 R
1227 3561 1254 3630 R
1270 3563 1296 3632 R
1312 3562 1345 3631 R.

284 3653 320 3714 lit
342 3651 374 3713 in
399 3651 525 3714 circuitu
549 3653 733 3716 circulomm
748 3654 787 3715 ad
807 3653 936 3716 modum
960 3653 1051 3732 sigilli
1075 3656 1138 3714 erat
1159 3651 1225 3714 talis
1241 3669 1346 3732 super-

282 3739 413 3820 scripcio
450 3740 557 3802 rubea:
599 3740 701 3806 „Casu
733 3742 876 3805 Cecidisti
912 3742 1014 3804 Carne
1045 3741 1166 3817 Cecata;
1211 3741 1344 3802 Demoni

233 3849 270 3892 125
285 3829 404 3892 Dedisti
431 3830 523 3892 Dona
548 3829 669 3907 Dotata;
694 3831 843 3893 Monstrat
866 3831 1027 3894 Manifeste
1050 3831 1162 3893 Manus
1186 3829 1345 3903 Maculata,

285 3919 415 3987 Recedet
433 3918 558 3998 Rubigo
575 3918 691 3998 Regina
708 3919 850 3998 Rogata!¹
890 3920 1027 3982 Domina
1042 3937 1112 3982 cum
1136 3919 1193 3981 hec
1214 3917 1345 3992 vidisset,

281 4008 318 4070 ad
343 4007 440 4088 pedes
463 4008 650 4071 confessoris
671 4007 778 4070 cecidit
799 4011 828 4069 et
850 4026 921 4070 cum
945 4009 1076 4070 lacrimis
1099 4008 1170 4068 satis
1193 4005 1347 4068 humiliter

281 4097 484 4160 confitebatur
507 4097 546 4158 de
576 4097 630 4161 illo
657 4100 788 4176 peccato.
834 4096 963 4176 Accepta
988 4095 1188 4160 absolucione
1210 4098 1239 4155 et
1261 4091 1345 4172 peni-

281 4187 375 4251 tencia
404 4186 559 4267 completa
589 4186 666 4248 inira
696 4202 810 4266 paucos
834 4184 900 4247 dies
930 4183 1120 4248 obdormiuit
1151 4183 1181 4243 in
1205 4181 1344 4243 domino.
