3584 4884
847 449 1091 504 -108-

436 620 544 685 volens
582 639 632 683 eas
670 621 779 683 iterum
818 625 869 683 aut
903 620 1038 700 perdere,
1076 625 1129 683 aut
1161 620 1342 700 virginitatis
1376 621 1505 683 nomine

381 728 422 774 ras
438 710 588 790 virginem
623 709 764 790 spoliare.
819 709 879 772 Cui
914 727 1022 773 servus
1051 712 1171 789 accepte
1204 709 1362 788 quondam
1394 709 1505 771 iniurie

439 817 501 862 non
533 797 705 874 immemor,
736 799 897 878 pecuniam
929 799 989 861 sub
1020 799 1081 861 hoc
1107 802 1195 878 pacto
1226 797 1374 875 concedit,
1405 802 1446 874 ut,
1479 798 1504 860 si

439 888 517 950 inira
538 905 654 950 annum
679 888 776 967 ipsam
801 905 864 950 non
889 888 1064 960 restibreret,
1088 887 1154 967 ipse
1168 886 1209 950 de
1225 904 1315 950 carne
1330 892 1359 949 et
1381 886 1506 950 ossibus

438 977 558 1040 iuvenis
598 976 636 1038 ad
676 983 798 1039 centum
838 994 1007 1039 marcarum
1046 976 1172 1056 pondus
1209 976 1349 1038 auferret
1407 975 1504 1049 Quod

439 1065 558 1128 iuvenis
581 1083 690 1146 parurn
707 1083 817 1128 curans
832 1065 989 1141 concessit,
1014 1065 1202 1145 insuperque
1225 1065 1253 1127 ei
1277 1065 1504 1145 cyrographum

383 1172 496 1220 csosuo
525 1155 677 1216 munitum
708 1154 811 1234 sigillo
841 1154 973 1216 tradidit.
1018 1154 1149 1234 Accepta
1179 1171 1255 1232 ergo
1286 1154 1337 1216 ille
1367 1154 1505 1233 pecunia,

439 1243 516 1306 redit
544 1242 585 1305 ad
616 1242 776 1322 virginem,
812 1242 903 1306 offert
932 1247 1102 1322 argentum,
1131 1242 1241 1323 accipit
1270 1242 1328 1320 illa,
1360 1242 1507 1321 diemque

439 1333 531 1394 letum
563 1331 601 1394 ad
632 1349 794 1412 vesperum
826 1349 926 1411 usque
955 1331 1136 1411 perducunt
1187 1331 1265 1395 Sero
1293 1335 1402 1407 autem,
1434 1349 1506 1393 cum

439 1425 576 1502 paratum
601 1425 678 1484 esset
705 1419 890 1498 cubiculum,
916 1438 1079 1500 pennaque
1102 1439 1139 1483 ex
1164 1438 1251 1483 more
1274 1419 1403 1500 pulvillo
1432 1420 1507 1482 sub·

439 1509 545 1590 posita,
573 1509 623 1572 ille
647 1509 789 1572 iuvenem
813 1510 1014 1572 subsecutura
1037 1509 1188 1590 premittit
1234 1508 1299 1582 Qui
1324 1508 1443 1571 iuvenis
1466 1508 1506 1570 ad

384 1599 550 1664 conlectum
589 1597 728 1678 preterite
767 1598 865 1661 noctis
903 1599 1031 1662 veniens
1068 1598 1229 1660 delusione
1268 1597 1327 1661 sibi
1366 1615 1404 1659 ex
1439 1597 1506 1659 lecti

441 1687 573 1750 mollicie
607 1687 772 1766 contigisse
806 1691 930 1767 putans,
968 1687 1095 1751 cervical
1126 1686 1203 1749 illud
1239 1686 1333 1750 molle
1364 1686 1506 1762 removit,

441 1795 511 1840 cum
535 1794 600 1856 quo
630 1781 659 1839 et
686 1776 788 1856 strigis
817 1776 945 1839 fortuito
975 1793 1046 1839 casu
1078 1776 1210 1839 excussit
1239 1793 1384 1856 pennam.
1431 1775 1507 1849 Quo

440 1867 518 1929 tacto
550 1866 688 1929 membra
720 1865 842 1928 dimittit
873 1865 959 1943 lecto,
990 1864 1152 1945 suspendit
1180 1882 1304 1927 sursum
1337 1864 1507 1944 palpebras

440 1959 468 2017 et
497 1973 610 2018 somno
645 1954 715 2018 totis
749 1954 868 2017 viribus
898 1954 1067 2016 reluctatur.
1120 1954 1159 2015 At
1188 1953 1239 2015 illa
1270 1953 1412 2016 iuvenem
1443 1952 1508 2015 suis

385 2063 426 2108 440
442 2044 550 2107 iterum
574 2044 689 2106 artibus
713 2043 839 2122 magicis
867 2042 1064 2106 obdormisse
1094 2047 1212 2122 putans,
1243 2060 1350 2114 secura
1372 2046 1402 2103 et
1423 2041 1509 2104 nuda

441 2133 522 2195 iuxta
546 2133 647 2212 ipsum
671 2150 704 2195 se
727 2133 863 2195 collocat
911 2132 963 2194 llle
985 2149 1068 2209 vero,
1096 2136 1259 2212 postquam
1283 2131 1507 2210 aliquantulum

440 2221 572 2301 graviter
587 2239 620 2284 se
635 2221 772 2283 dormire
787 2221 966 2297 simulasset,
991 2220 1141 2300 virginem
1157 2220 1197 2282 ad
1212 2237 1245 2282 se
1260 2219 1358 2297 trahit,
1382 2219 1510 2298 requirit

441 2309 588 2371 debitum.
624 2309 764 2372 Confusa
781 2309 831 2371 illa
847 2310 1023 2389 repletaque
1038 2315 1165 2389 stupore
1179 2308 1361 2384 vehementi,
1386 2311 1508 2388 pactum

442 2415 635 2477 nequaquam
662 2416 773 2476 negare
797 2398 905 2477 potuit.
953 2398 1039 2472 Quid
1069 2397 1178 2479 plura?
1225 2398 1297 2460 Nox
1328 2397 1379 2459 illa
1409 2414 1510 2475 usque

386 2506 427 2550 ns
441 2485 480 2548 ad
504 2485 586 2548 diem
610 2485 740 2548 deducta
764 2491 815 2562 est,
847 2504 938 2549 mane
960 2491 1061 2549 autem
1090 2487 1168 2550 inter
1195 2503 1228 2549 se
1255 2491 1328 2549 voto
1352 2490 1381 2548 et
1405 2485 1507 2565 [155⁰]

441 2592 566 2637 assensu
606 2575 670 2655 pari
705 2574 941 2651 concordantes,
980 2594 1083 2639 coram
1121 2575 1228 2638 amicis
1261 2579 1291 2637 et
1325 2574 1510 2655 propinquis

443 2682 506 2726 non
539 2664 606 2727 sine
636 2663 837 2727 admiratione
868 2663 1046 2744 invidiaque
1079 2664 1248 2727 multorum
1280 2664 1402 2745 nuptias
1432 2662 1510 2726 cele·

442 2753 576 2815 brarunt.

532 2841 630 2905 Porro
665 2842 784 2905 iuvenis
818 2841 976 2922 prosperis
1007 2841 1243 2904 succedentibus
1272 2840 1430 2904 creditoris
1461 2841 1510 2904 sui

387 2949 427 2996 rso
443 2930 557 2994 oblitus
580 2931 740 3012 pecuniam
765 2931 844 2993 infra
865 2930 1030 2993 terminum
1054 2930 1252 2993 constitutum
1276 2948 1341 2994 non
1369 2929 1511 3006 reddidit

443 3020 527 3084 unde
543 3021 657 3101 loripes
673 3020 723 3082 ille
738 3019 912 3083 ulciscende
928 3019 1038 3081 iniurie
1054 3018 1292 3099 oportunitatem
1308 3037 1341 3082 se
1357 3019 1511 3081 invenisse

443 3110 575 3189 gavisus,
606 3128 720 3189 regem,
752 3109 804 3188 qui
836 3113 910 3171 tunc
939 3108 1087 3188 temporis
1118 3126 1248 3187 regnum
1280 3108 1408 3185 tenebat
1438 3107 1510 3184 adit,

444 3203 546 3262 movet
561 3199 600 3261 de
617 3198 727 3261 iuvene
743 3198 908 3277 querelam,
932 3201 1036 3260 testem
1058 3197 1135 3276 pacti
1151 3197 1376 3277 cyrographum
1394 3195 1512 3276 profert

443 3288 475 3349 in
500 3288 637 3350 medium
662 3287 804 3350 iustitiam
835 3305 929 3366 super
956 3286 1016 3348 hoc
1046 3285 1113 3348 fieri
1145 3303 1266 3364 rogans.
1314 3285 1377 3354 Rex
1399 3289 1510 3362 autem,

388 3393 429 3438 us
444 3380 477 3438 ut
488 3376 682 3455 equissimus,
698 3375 821 3438 crudele
833 3393 1021 3455 quamquam
1034 3375 1207 3437 horesceret
1221 3379 1351 3454 pactum,
1367 3375 1510 3436 iuvenem

443 3468 543 3526 tamen
566 3463 605 3526 ad
629 3483 662 3526 se
689 3464 794 3526 venire
822 3464 964 3544 precepit,
995 3463 1178 3526 accusatoris
1209 3463 1257 3526 sui
1287 3480 1510 3543 responsurum

444 3553 584 3631 querelis.
631 3553 719 3615 Tunc
752 3553 875 3616 tandem
911 3553 1031 3616 iuvenis
1060 3552 1154 3615 debiti
1188 3552 1395 3628 reminiscens,
1430 3551 1512 3630 regis

443 3640 617 3704 auctoritate
640 3641 823 3721 perterritus
847 3659 918 3704 cum
942 3641 1113 3704 amicorum
1128 3641 1218 3704 turba
1234 3641 1429 3720 maximaque
1443 3640 1511 3702 auri

444 3735 472 3792 et
494 3729 610 3809 argenti
634 3729 722 3809 copia
745 3729 828 3792 venit
849 3729 888 3791 ad
913 3730 1038 3792 curiam.
1078 3730 1198 3792 Profert
1219 3729 1410 3792 adversarius
1433 3729 1511 3791 eiro-

389 3838 430 3884 roo
445 3819 605 3899 graphum,
638 3818 828 3896 recognoscit
858 3818 909 3880 ille
939 3818 1087 3898 iussuque
1117 3818 1198 3898 regis
1228 3818 1302 3880 dant
1330 3817 1511 3880 sententiam

445 3907 606 3990 principes,
635 3907 725 3970 licere
748 3906 860 3970 scilicet
883 3907 1022 3986 loripedi,
1055 3925 1145 3987 agere
1175 3906 1261 3986 quod
1293 3906 1510 3986 cirographum

445 3997 615 4075 testabatur,
651 4000 703 4058 aut
732 4000 876 4075 quantam
900 3996 1031 4059 voluerit
1062 4014 1119 4076 pro
1150 3995 1362 4076 redemptione
1391 3994 1512 4057 iuvenis

446 4086 607 4168 pecuniam
631 4085 774 4165 accipere.
822 4084 961 4164 Rogabat
983 4103 1058 4164 ergo
1090 4103 1142 4146 rex
1173 4083 1343 4164 loripedem
1368 4082 1512 4163 quatinus

446 4175 547 4239 iuveni
576 4191 702 4254 parcens
734 4172 887 4253 duplicem
919 4173 1066 4252 reciperet
1095 4173 1265 4251 pecuniam.
1312 4171 1409 4245 Quod
1440 4189 1511 4234 cum
