3584 4884
713 461 934 516 -39-

287 648 368 709 opus
384 631 565 710 perpetrabo
581 631 669 710 quod
695 648 747 692 rex
769 630 874 710 lugam
890 631 1018 711 accipiet
1032 648 1102 693 cum
1119 631 1250 694 exercitu
1267 643 1354 693 sun*

235 734 273 781 aro
289 718 348 781 Die
378 719 508 781 crastina
538 737 590 780 rex
621 737 733 798 graues
767 720 899 782 insultus
927 719 1039 782 ciuitati
1069 719 1163 782 dedit
1212 720 1358 798 Magister

286 807 421 886 quadam
437 808 538 870 tunica
553 808 685 870 mirabili
702 826 734 870 se
749 807 848 870 induit
871 809 1051 887 habensque
1066 808 1097 870 in
1113 809 1217 871 tunica
1238 825 1356 888 pennas

286 896 422 975 pauonis
444 900 473 958 et
495 915 589 977 parua
612 897 792 959 tintinabula
814 901 843 960 et
858 897 936 960 alios
951 897 1071 960 colores
1090 897 1218 960 aliarum
1241 898 1356 975 auium,

286 984 401 1047 caudas
424 986 609 1049 surellorum
634 986 721 1048 etsie
740 1004 809 1048 cum
826 985 953 1049 duobus
968 985 1078 1066 gladiis
1095 986 1198 1066 politis
1212 985 1356 1048 alciorem

285 1078 402 1136 turrem
431 1074 559 1136 ciuitatis
586 1074 729 1152 ascendit,
759 1075 811 1138 vbi
840 1093 893 1137 rex
923 1093 994 1137 cum
1026 1079 1091 1138 toto
1122 1075 1254 1137 exercitu
1284 1092 1356 1137 eum

235 1181 274 1228 rm
287 1162 394 1224 videre
418 1167 529 1242 posset
578 1164 693 1243 incepit
714 1182 747 1226 se
771 1163 842 1226 hinc
865 1163 938 1226 inde
962 1181 1097 1242 mouere,
1127 1163 1209 1226 duos
1236 1163 1357 1243 gladios

288 1251 318 1312 in
344 1269 399 1313 ore
423 1256 526 1314 tenere
549 1256 578 1315 et
600 1253 680 1314 miro
697 1251 792 1315 modo
808 1252 978 1332 splendere.
1018 1252 1062 1314 llli
1078 1270 1153 1315 vero
1169 1252 1209 1314 de
1224 1253 1356 1314 exercitu

288 1339 371 1419 [hoc]
397 1340 537 1403 videntes
560 1341 624 1420 regi
648 1340 802 1404 dixerunt:
829 1341 879 1408 „0
904 1341 1040 1417 domine,
1064 1358 1170 1404 nonne
1192 1341 1301 1404 videtis
1324 1341 1356 1402 in

286 1429 462 1492 summitate
484 1430 576 1492 lunis
598 1448 694 1492 vnum
719 1430 900 1492 mirabile?“
940 1430 981 1492 m
1003 1430 1066 1492 ille:
1093 1431 1150 1494 „fit
1171 1429 1243 1492 satis
1266 1430 1357 1492 mira·

286 1517 361 1594 bile,
397 1517 452 1580 sed
487 1519 554 1598 quit
585 1519 632 1595 sit,
667 1519 788 1598 penitus
820 1519 962 1598 ignorat
1010 1518 1050 1581 m
1079 1519 1135 1580 illi:
1174 1519 1246 1583 „Est
1278 1518 1357 1581 deus

236 1605 547 1684 aeeChristianorum,
578 1608 632 1686 qui
661 1607 700 1669 de
723 1608 789 1670 celo
817 1607 982 1684 descendit,
1013 1607 1067 1686 qui
1095 1626 1151 1688 per
1178 1607 1249 1671 illos
1276 1607 1357 1670 duos

286 1695 409 1774 gladios
440 1713 499 1759 nos
530 1714 638 1759 omnes
669 1696 838 1773 interliciet,
873 1697 899 1760 si
930 1714 1049 1758 moram
1081 1695 1132 1758 hic
1160 1696 1353 1760 fecerimus.¹·

287 1783 351 1851 Rex
382 1785 441 1847 hec
467 1785 597 1848 audiens
624 1786 724 1848 timuit
750 1790 779 1848 et
804 1785 858 1848 ait:
893 1786 950 1850 „Et
977 1785 1054 1864 quid
1081 1785 1270 1848 iaciemus?“
1318 1784 1357 1846 tlt

286 1872 343 1935 illi:
369 1873 465 1937 „Non
489 1878 534 1936 ast
556 1873 614 1936 nisi
637 1874 687 1936 via
709 1893 784 1936 vna:
808 1874 847 1936 de
871 1874 941 1936 loco
964 1874 1023 1936 isto
1045 1874 1144 1937 statim
1169 1873 1355 1949 recedamus,

286 1978 325 2024 ne
355 1962 435 2025 deus
466 1963 516 2024 ille
546 1963 639 2026 cicius
670 1980 740 2026 cum
771 1963 830 2026 illis
860 1962 972 2042 gladiis
1002 1980 1061 2025 nos
1091 1962 1242 2025 occidatl¹¹
1292 1961 1356 2030 Rex

235 2070 273 2116 aaa
286 2069 361 2113 vero
386 2069 458 2113 cum
482 2055 547 2114 toto
570 2051 702 2114 exercitu
718 2053 833 2131 accepit
855 2052 970 2130 lugam,
994 2069 1064 2114 cum
1088 2056 1189 2113 tamen
1214 2069 1278 2114 non
1293 2055 1357 2113 erat

286 2157 420 2202 necesse.
471 2139 610 2217 Romani,
634 2141 772 2203 videntes
794 2140 880 2220 quod
904 2141 1010 2219 fugam
1033 2144 1222 2220 acceperunt
1249 2139 1354 2201 armati

286 2233 355 2308 post
370 2247 427 2292 eos
442 2233 509 2292 toto
524 2229 685 2292 conanime
700 2231 916 2310 sequebantur,
934 2247 1037 2308 regem
1053 2247 1161 2292 eorum
1179 2229 1357 2291 occidemnt

285 2322 313 2380 et
336 2318 479 2381 infinitos
501 2318 586 2392 alios,
618 2318 657 2380 ita
685 2319 771 2398 quod
801 2319 886 2398 pavci
911 2322 1130 2381 remansemnt
1177 2318 1213 2380 Et
1234 2318 1279 2380 sic
1301 2334 1356 2396 per

285 2407 434 2469 cautelam
459 2407 541 2470 senis
564 2406 702 2470 deuictus
728 2407 805 2487 [estl.

454 2601 541 2665 Sexta
565 2602 702 2665 narracio
725 2603 799 2664 sexti
823 2601 959 2681 magistri
984 2601 1044 2681 (Bl.
1071 2603 1187 2681 msa).

734 2721 906 2792 [Amatores]

234 2869 273 2914 au
378 2851 546 2932 imperator
568 2850 695 2929 quidam
719 2855 788 2927 erat,
820 2851 874 2930 qui
898 2851 954 2912 .lll.
979 2849 1089 2912 milites
1112 2849 1250 2926 habebat,
1274 2866 1355 2928 quos

286 2939 367 3002 miro
393 2938 490 3002 modo
512 2939 624 3001 dilexit
672 2941 704 3000 ln
728 2939 848 3002 ciuitate
876 2957 1003 3001 romana
1030 2942 1094 3000 erat
1115 2938 1241 3019 quidam
1266 2939 1355 3001 miles

284 3045 388 3104 senex,
420 3027 474 3106 qui
505 3028 699 3090 iuuenculam
732 3029 869 3109 pulcram
898 3028 930 3089 in
953 3045 1079 3090 uxorem
1108 3027 1229 3107 accepit
1260 3044 1353 3106 quam

284 3135 381 3196 super
410 3117 515 3178 omnia
544 3117 656 3192 dilexit,
688 3117 765 3179 sicut
793 3117 852 3180 iam
881 3134 938 3180 vos
968 3116 1188 3196 imperatricem
1220 3115 1354 3194 diligitis.

287 3205 427 3268 Domina
450 3205 504 3268 ista
528 3206 607 3269 miro
631 3205 727 3268 modo
750 3206 879 3268 dulciter
902 3205 1040 3281 cantauit,
1072 3205 1103 3266 in
1127 3208 1243 3266 tantum
1267 3203 1352 3284 quod

233 3312 272 3358 an
286 3295 403 3356 multos
426 3294 463 3356 ad
494 3294 624 3357 domum
648 3313 735 3357 suam
764 3295 851 3358 traxit
873 3299 903 3356 et
924 3313 942 3356 a
965 3294 1068 3356 multis
1090 3298 1153 3357 erat
1174 3293 1353 3356 desiderata.

284 3383 407 3446 Accidit
439 3383 546 3460 semel,
581 3402 651 3447 cum
682 3384 800 3447 sederet
832 3384 863 3446 in
894 3383 975 3447 solio
1006 3400 1065 3446 suo
1095 3400 1202 3445 versus
1232 3386 1353 3444 stratam

284 3472 451 3552 publicam,
475 3477 508 3535 ut
522 3477 711 3536 transeuntes
726 3472 849 3548 videret,
874 3471 986 3551 incepit
1001 3475 1121 3535 cantare
1140 3476 1200 3533 tam
1216 3470 1353 3548 dulciter,

284 3560 374 3641 quod
398 3579 507 3624 omnes
529 3562 755 3625 delectabantur
777 3579 843 3624 eam
867 3561 982 3623 audire.
1017 3561 1044 3622 Α
1067 3577 1139 3623 casu
1162 3578 1242 3623 vnus
1266 3561 1354 3623 miles

283 3669 320 3712 ac
343 3650 449 3713 senior
464 3649 503 3714 de
518 3651 601 3713 curia
624 3650 815 3730 imperatoris
830 3651 989 3712 transitum
1007 3667 1062 3730 per
1077 3650 1206 3713 eandem
1224 3649 1353 3730 plateam

230 3759 270 3806 au
285 3739 406 3816 lecerat,
430 3740 491 3819 qui,
516 3757 585 3801 cum
609 3739 743 3801 audisset
766 3757 832 3800 eam
856 3743 917 3800 tam
938 3739 1067 3802 dulciter
1089 3743 1216 3815 cantare,
1241 3739 1355 3802 leuauit

284 3828 413 3892 occulos
439 3827 506 3890 eius
533 3831 562 3889 et
589 3845 655 3890 eam
684 3827 789 3889 intime
812 3827 951 3907 respexit.
997 3827 1102 3890 Statim
1126 3832 1231 3908 captus
1254 3829 1353 3890 estin

281 3935 391 3980 amore
415 3917 488 3994 eiuS,
513 3915 641 3978 domum
665 3935 753 3979 suam
777 3917 907 3994 intrauit,
931 3917 1024 3980 verba
1047 3915 1086 3978 de
1108 3935 1214 3980 amore
1237 3916 1353 3979 inordi-

282 4011 356 4069 nato
379 4005 407 4068 ei
438 4004 612 4086 proterebat
636 4010 670 4068 et
696 4005 748 4067 ait:
784 4005 963 4078 „Quantum
994 4005 1049 4067 tibi
1080 4004 1153 4068 dare
1183 4005 1292 4082 debeo,
1322 4010 1355 4067 vt

280 4113 344 4158 vna
367 4099 456 4158 nocte
480 4097 580 4155 tecum
604 4094 797 4157 dormiam?‘⁴
846 4094 886 4156 At
909 4094 972 4157 illa:
1007 4093 1160 4159 „Centum
1184 4095 1350 4156 florenos.⁴⁴

226 4203 267 4250 as
282 4184 348 4260 Qui
372 4183 425 4246 ait:
462 4181 644 4261 „Concedo;
672 4182 726 4246 sed
750 4183 800 4246 dic
823 4183 924 4260 michi,
948 4182 1075 4264 quando
1097 4182 1136 4244 ad
1160 4187 1189 4242 te
1210 4179 1353 4242 accedere
