3584 4884
849 450 1091 507 —172—

442 618 613 682 monachus
635 624 737 683 custos
759 624 789 682 et
803 620 1008 687 thesaurarius
1024 626 1197 689 monasterii
1222 645 1368 707 magnum
1385 647 1502 693 nomen

442 706 600 787 religionis
622 708 753 771 habebat
774 714 803 773 et
825 728 929 773 revera
952 712 991 774 ita
1014 717 1084 775 erat
1115 713 1195 777 Cum
1212 720 1312 778 autem
1329 718 1360 779 in
1376 719 1503 782 ecclesia

441 795 616 876 frequenter
653 797 692 861 de
730 797 789 861 hiis
827 818 888 879 que
921 800 960 863 ad
996 801 1173 881 religionem
1209 805 1359 884 pertinent
1393 812 1502 872 mutuo

442 884 647 965 loquerentur,
686 886 829 951 diabolus
863 888 1004 953 invidens
1038 891 1184 955 honestati
1219 898 1249 955 et
1281 894 1362 957 lame
1391 914 1500 959 eorum

386 990 428 1037 oso
443 974 569 1039 immisit
581 976 627 1039 eis
638 976 832 1039 vehementes
846 979 1064 1059 temptationes,
1081 980 1120 1043 ila
1135 982 1219 1060 quod
1235 1001 1323 1045 amor
1337 984 1502 1064 spiritualis

441 1081 608 1127 conversus
645 1071 691 1128 est
727 1065 758 1127 in
796 1067 955 1130 carnalem.
1011 1068 1103 1133 Unde
1140 1071 1342 1135 condixerunt
1378 1074 1436 1137 sibi
1471 1079 1502 1137 el

439 1153 671 1232 assignaverunt
686 1158 805 1217 noctem
818 1156 850 1217 in
862 1174 923 1235 qua
935 1156 1086 1221 recederet
1101 1160 1298 1223 monachusa
1314 1163 1500 1227 monasterio

440 1259 510 1305 cum
541 1242 684 1307 thesauro
713 1244 845 1323 ecclesie,
877 1249 907 1309 et
937 1250 1074 1309 matrona
1104 1248 1293 1311 recedereta
1320 1250 1417 1313 domo
1444 1270 1501 1315 sua

440 1349 510 1395 cum
544 1349 666 1395 summa
699 1333 827 1413 pecunie
861 1352 953 1414 quam
991 1336 1105 1399 auferet
1141 1336 1217 1401 clam
1251 1339 1366 1401 marito.
1417 1340 1499 1403 Cum

385 1437 427 1484 oso
440 1424 541 1485 autem
575 1421 619 1485 sic
652 1422 826 1485 recederent
859 1428 888 1485 ef
921 1424 1067 1503 fugerent,
1102 1426 1244 1489 monachi
1273 1433 1431 1508 surgentes
1458 1429 1500 1492 ad

441 1510 601 1573 matutinas
639 1511 780 1574 viderunt
816 1511 922 1575 archas
959 1512 1066 1577 fractas
1100 1519 1128 1577 et
1164 1514 1339 1578 thesaurum
1374 1518 1499 1581 ecclesie

439 1604 634 1681 asportatum,
665 1604 786 1663 etcum
820 1619 883 1664 non
915 1602 1084 1665 invenirent
1114 1605 1298 1667 monachum
1326 1605 1500 1670 festinanter

440 1689 534 1752 secuti
557 1694 629 1753 sunt
652 1708 733 1753 eum.
768 1689 913 1754 Similiter
935 1696 963 1753 et
986 1691 1109 1755 maritus
1132 1692 1209 1755 dicte
1233 1694 1368 1757 mulieris
1390 1695 1499 1759 videns

440 1779 562 1843 archam
596 1796 683 1841 suam
718 1784 850 1859 apertam
885 1784 914 1842 et
948 1780 1107 1860 pecuniam
1140 1781 1269 1844 ablatam
1303 1788 1424 1847 secutus
1454 1789 1500 1848 est

385 1884 427 1931 cao
441 1886 569 1931 uxorem
597 1886 693 1944 suam,
725 1873 755 1930 et
782 1868 1044 1949 apprehendentes
1074 1872 1259 1933 monachum
1283 1876 1312 1935 et
1338 1872 1497 1935 mulierem

439 1975 510 2021 curn
534 1956 676 2021 thesauro
699 1962 729 2021 et
750 1958 879 2038 pecunia
906 1958 1091 2021 reduxerunt
1113 1963 1141 2021 et
1164 1958 1194 2021 in
1218 1960 1305 2023 arctis
1328 1962 1499 2025 carceribus

440 2050 618 2127 posuerunt
643 2046 774 2109 Tantum
785 2052 884 2111 autem
902 2047 959 2110 fuit
973 2048 1148 2111 scandalum
1165 2067 1220 2128 per
1234 2053 1325 2111 totam
1339 2050 1497 2129 regionem

439 2140 469 2199 et
498 2136 538 2198 ita
567 2153 676 2199 omnes
710 2136 897 2200 infamabant
927 2136 1083 2216 religiosas
1115 2154 1260 2217 personas
1289 2138 1373 2217 quod
1406 2139 1499 2219 longe

440 2225 539 2303 majus
572 2224 742 2305 dampnum
777 2225 834 2288 fuit
862 2224 902 2287 de
937 2225 1060 2289 infamia
1089 2230 1118 2289 ef
1153 2226 1297 2290 scandalo
1331 2246 1423 2307 quam
1458 2228 1498 2292 de

385 2332 426 2377 too
441 2314 587 2393 ipsorum=
604 2318 735 2393 peccato.
769 2315 857 2377 Tunc
879 2314 1048 2378 monachus
1063 2314 1101 2377 ad
1117 2332 1150 2377 se
1173 2332 1311 2379 reversus
1332 2316 1412 2396 cepit
1426 2335 1497 2380 cum

439 2402 543 2465 multis
576 2402 707 2465 lacrimis
741 2421 849 2482 rogare
880 2403 999 2465 Beatam
1031 2404 1195 2483 Virginem,
1230 2404 1278 2467 cui
1308 2422 1430 2485 semper
1457 2407 1497 2470 ab

438 2491 564 2553 infantia
578 2490 722 2554 servierat
735 2496 765 2553 et
779 2492 872 2554 nichil
889 2510 1036 2572 umquam
1053 2493 1110 2555 tale
1126 2492 1168 2555 illi
1183 2492 1337 2571 acciderat,
1360 2494 1498 2557 similiter

438 2584 467 2643 et
497 2580 577 2643 dicta
607 2584 745 2643 matrona
778 2581 857 2660 cepit
889 2582 1036 2643 auxilium
1069 2582 1157 2645 Beate
1188 2582 1323 2661 Virginis
1353 2583 1497 2646 instanter

438 2669 603 2751 implorare
625 2686 718 2748 quam
742 2669 917 2749 frequenter
946 2670 1056 2733 diebus
1078 2689 1113 2733 ac
1136 2670 1276 2735 noctibus
1299 2676 1497 2735 consueverat

383 2776 423 2823 roo
437 2759 574 2837 salutare,
604 2764 634 2822 et
659 2776 762 2822 coram
793 2759 859 2837 eius
886 2759 1028 2839 ymagine
1057 2778 1158 2839 genua
1184 2759 1312 2823 flectere.
1357 2760 1494 2824 Tandem

437 2850 527 2913 Beata
548 2849 644 2928 Virgo
666 2847 756 2911 valde
778 2848 850 2911 irata
865 2848 910 2911 eis
930 2848 1069 2929 apparuit
1084 2852 1112 2911 et
1128 2853 1288 2929 postquam
1305 2849 1349 2911 eis
1364 2850 1494 2913 multum

436 2938 668 3020 improperavitz
692 2938 963 3014 ‚‚Remissionem,‘¹
983 2938 1088 3016 inquit,
1107 2937 1237 3017 „peccati
1252 2938 1342 3001 vobis
1357 2938 1495 3002 obtinere
1604 2978 1607 2983 -

434 3048 453 3092 a
482 3028 548 3093 lilio
580 3046 650 3092 meo
682 3045 823 3109 possum,
857 3026 912 3091 sed
943 3026 1018 3107 quid
1051 3044 1177 3107 possum
1211 3026 1309 3090 facere
1339 3026 1378 3090 de
1412 3031 1494 3091 tanto

434 3117 601 3182 seandalo?
653 3118 718 3181 Vos
750 3118 832 3181 enim
868 3117 959 3180 fetere
993 3116 1103 3179 fecistis
1135 3133 1248 3178 nomen
1284 3115 1493 3195 religiosarum

381 3225 422 3271 aro
437 3225 636 3289 personarum
657 3224 759 3270 coram
772 3206 858 3271 omni
874 3206 1000 3287 populo,
1021 3206 1060 3268 ita
1075 3204 1160 3285 quod
1175 3204 1215 3267 de
1229 3208 1328 3267 cetero
1343 3204 1494 3285 religiosis

434 3297 575 3378 personis
599 3314 662 3358 non
685 3296 836 3373 credetur;
860 3296 921 3358 hoc
944 3300 987 3358 est
1010 3295 1091 3357 enim
1113 3294 1199 3375 quasi
1222 3293 1391 3374 dampnum
1415 3294 1493 3357 inre·

434 3385 634 3466 cuperabile.⁴¹
683 3384 819 3447 Tandem
844 3383 1034 3447 orationibus
1057 3401 1159 3447 earum
1187 3382 1238 3464 pia
1260 3382 1355 3462 Virgo
1377 3382 1493 3445 devicta

433 3475 583 3555 compulit
603 3474 754 3536 demones
776 3474 830 3554 qui
854 3474 914 3536 hoc
937 3476 1171 3553 procuraverant
1192 3471 1305 3549 venire,
1328 3470 1493 3551 iniungens

433 3563 478 3626 eis
499 3563 585 3642 quod
613 3563 691 3626 sicut
720 3562 900 3642 religionem
932 3562 1156 3639 infamaverant,
1187 3561 1226 3623 ita
1255 3558 1340 3640 quod
1368 3559 1493 3623 infamia

379 3668 420 3715 us
434 3657 563 3714 cessaret
601 3656 799 3731 procurarent
835 3651 887 3715 illi.
940 3651 1021 3714 Vero
1055 3668 1125 3714 cum
1164 3667 1226 3713 non
1265 3652 1391 3730 possent
1426 3649 1493 3728 ejus

432 3740 568 3820 imperiis
579 3741 724 3816 resistere,
741 3745 812 3820 post
824 3740 933 3802 multas
947 3740 1120 3803 anxietfates
1136 3743 1165 3801 et
1175 3738 1271 3801 varias
1286 3737 1491 3818 cogitationes,

432 3832 549 3909 reperta
577 3829 626 3891 via
655 3828 817 3908 quomodo
852 3833 980 3892 cessaret
1011 3828 1147 3905 infamia,
1183 3827 1374 3889 restituerunt
1403 3831 1492 3890 nocte

432 3917 619 3982 monachum
650 3917 681 3980 in
712 3918 838 3981 ecclesia
866 3923 896 3981 et
926 3919 1048 3981 archam
1071 3917 1193 3979 fractam
1217 3916 1293 3978 sicut
1316 3915 1401 3995 prius
1429 3920 1493 3979 erat

431 4013 611 4089 reparantes,
642 4006 725 4071 etin
749 4026 784 4070 ea
810 4008 987 4071 thesaurum
1017 4007 1220 4086 imponentes;
1251 4004 1371 4067 archam
1400 4004 1490 4067 etiam

377 4116 417 4161 mo
432 4115 523 4177 quam
537 4102 675 4160 matrona
685 4101 844 4177 aperuerat
854 4096 1027 4159 clauserunt
1041 4100 1070 4157 et
1084 4095 1271 4157 ferraverunt
1285 4096 1314 4155 et
1329 4092 1490 4171 pecuniam

429 4186 460 4248 in
485 4204 520 4249 ea
542 4189 751 4266 reposuerunt,
783 4185 865 4246 etin
889 4201 1007 4245 camera
1037 4201 1092 4245 sua
1115 4186 1143 4243 et
1165 4182 1196 4243 in
1221 4182 1289 4243 loco
1319 4179 1372 4242 ubi
1401 4186 1491 4245 nocte
