3584 4884
691 454 911 512 ...29-

264 624 378 688 ostium
403 624 434 687 in
459 624 584 688 introitu
608 625 706 688 mariti
730 626 811 688 tiliae
834 644 908 689 suae
929 627 1033 690 stricto
1056 626 1161 707 gladio
1176 630 1274 705 staret,
1296 634 1333 705 et,

263 714 289 777 si
312 713 431 791 aliquid
455 714 582 777 maritus
605 714 631 777 ei
649 714 833 794 loqueretur,
857 715 933 777 nihil
950 715 1168 796 responderet
1199 721 1229 779 3.
1254 716 1336 779 Fecit

263 806 297 865 ut
318 802 457 881 iusserat.
496 802 651 883 Ostioque
666 808 771 883 aperto
788 808 821 867 ut
836 804 924 866 illum
941 804 1067 868 maritus
1081 804 1127 868 sic
1147 808 1227 868 stare
1249 804 1334 881 vidit,

213 910 251 955 sno
265 890 399 954 substitit
413 891 531 955 dicens:
552 891 641 970 Quis,
663 892 769 973 inquit,
785 897 818 955 tu
835 894 889 955 es?
910 929 937 937 -
957 892 1033 967 Quo
1049 911 1113 957 non
1130 893 1335 975 respondente

265 998 364 1061 quum
389 980 523 1060 primum
548 981 769 1062 obstupuisset,
797 986 872 1044 tunc
898 982 997 1061 magis
1023 983 1148 1046 obstuit
1196 984 1232 1045 Et
1253 983 1336 1046 intus

265 1069 379 1131 vetula:
410 1068 490 1132 Care
512 1088 614 1149 gener,
645 1074 715 1147 tace,
747 1088 786 1133 ne
808 1070 921 1150 aliquis
942 1075 972 1134 te
993 1071 1112 1134 audiat!
1145 1106 1172 1115 -
1203 1071 1252 1134 Ad
1275 1072 1337 1135 hoc

266 1158 316 1221 ille
339 1158 440 1237 magis
462 1158 589 1221 mirans:
624 1158 710 1233 Quid
734 1160 794 1223 hoc
817 1164 869 1235 est,
897 1160 1005 1239 inquit,
1028 1178 1097 1223 mra
1118 1158 1269 1223 domina?
1290 1194 1336 1206 -

266 1248 355 1310 Tunc
371 1247 484 1309 vetula:
509 1248 595 1311 Bone
610 1248 665 1326 fili,
684 1252 829 1311 venerant
844 1249 906 1311 huc
920 1252 981 1311 tres
995 1253 1214 1329 persequentes
1229 1250 1319 1313 istum
1327 1270 1336 1326 ;

215 1354 254 1400 au
267 1341 296 1399 et
318 1353 379 1399 nos
400 1340 506 1416 aperto
529 1336 609 1400 ostio
624 1337 708 1400 hunc
722 1354 792 1400 cum
808 1336 914 1417 gladio
929 1354 988 1400 suo
1004 1338 1116 1401 intrare
1130 1338 1335 1418 permisimus,

266 1425 368 1488 donec
394 1424 586 1488 discederent
616 1425 670 1505 qui
701 1425 787 1488 illum
818 1426 988 1489 interficere
1014 1426 1168 1491 volebant
1216 1435 1246 1489 4.
1270 1426 1335 1501 Qui

267 1532 351 1577 nunc
374 1514 487 1577 timens
508 1518 537 1577 te
559 1514 693 1593 aliquem
717 1533 755 1577 ex
778 1514 838 1577 illis
861 1532 941 1592 esse,
972 1515 1158 1596 stupefactus
1181 1516 1257 1578 nihil
1280 1516 1335 1579 tibi

268 1602 436 1683 respondit
468 1638 495 1645 —
528 1604 563 1665 Et
584 1602 637 1665 ait:
662 1603 744 1665 Bene
767 1604 887 1686 habeas
912 1603 1051 1681 domina,
1075 1604 1148 1684 quia
1170 1604 1255 1667 hunc
1277 1605 1337 1667 hoc

266 1692 365 1755 modo
389 1690 522 1754 liberasti
545 1710 563 1754 a
586 1695 693 1755 morte.
718 1728 743 1737 -
774 1693 810 1755 Et
833 1693 982 1755 introiens
1003 1692 1164 1756 advocavit
1185 1693 1335 1756 amasium

215 1799 253 1843 aro
267 1781 373 1843 uxoris
400 1797 488 1857 suae,
515 1784 544 1843 et
570 1798 675 1843 secum
703 1798 774 1843 eum
802 1780 909 1844 sedere
936 1782 1013 1844 fecit
1059 1781 1171 1862 Sioque
1193 1781 1338 1845 dulcibus

264 1868 412 1948 alloquiis
434 1868 594 1931 delinitum
618 1869 696 1932 circa
719 1874 840 1933 noctem
865 1870 948 1933 exire
970 1870 1095 1934 dimisit

714 2048 791 2113 Xlll.
843 2051 939 2111 t-S.

360 2180 387 2233 1.
413 2170 477 2240 Rex
500 2171 626 2251 quidam
651 2172 758 2236 habuit
780 2172 981 2236 fabulatorem
1005 2190 1106 2251 suum,
1130 2172 1184 2252 qui
1207 2172 1338 2252 singulis

266 2260 413 2323 noctibus
436 2260 575 2340 quinque
598 2260 657 2324 sibi
682 2279 804 2325 narrare
824 2262 944 2325 fabulas
958 2265 1166 2324 consueverat
1199 2260 1338 2342 Contigit

265 2349 392 2412 tandem
417 2349 503 2429 quod
527 2368 580 2413 rex
603 2350 684 2414 curis
707 2350 894 2430 quibusdam
918 2350 1065 2414 sollicitus
1088 2350 1216 2413 minime
1236 2356 1339 2431 posset

218 2455 254 2501 no
268 2437 417 2516 dormire,
452 2439 617 2520 pluresque
651 2440 742 2503 solito
776 2439 926 2520 quaesivit
959 2438 1066 2520 audire
1100 2438 1227 2503 fabulas.
1286 2440 1339 2502 llle

266 2531 370 2590 autem
403 2530 464 2591 tres
493 2546 587 2609 super
617 2528 691 2591 haec
713 2528 863 2592 enarravit
885 2528 940 2591 sed
964 2546 1080 2609 parvas.
1127 2536 1156 2589 2.
1179 2526 1339 2603 Quaesivit

268 2635 321 2680 rex
344 2616 435 2679 etiam
460 2616 571 2697 plures.
611 2616 661 2680 llle
684 2636 758 2681 vero
782 2617 955 2680 nullatenus
971 2616 1076 2681 voluit
1115 2616 1241 2679 Dixerat
1255 2617 1338 2679 enim

266 2706 328 2784 jam
353 2706 434 2769 sicut
454 2705 573 2785 jussum
596 2706 694 2769 fuerat
708 2706 767 2769 sibi
783 2706 904 2769 multas.
943 2705 991 2768 Ad
1008 2705 1083 2768 haec
1098 2724 1163 2768 rex:
1188 2705 1339 2768 Plurimas

266 2794 328 2873 jam
354 2795 481 2857 narrasti
505 2795 559 2857 sed
583 2794 790 2873 brevissimas,
818 2794 929 2857 vellem
952 2813 1027 2858 vero
1056 2798 1086 2857 te
1115 2794 1249 2874 aliquam
1274 2812 1338 2857 rem

218 2901 255 2946 nu
270 2901 408 2961 narrare,
436 2902 515 2963 quae
542 2884 646 2947 multis
668 2883 856 2965 producatur
877 2884 994 2961 verbis,
1021 2888 1051 2945 et
1077 2883 1121 2946 sic
1147 2887 1176 2946 te
1202 2883 1340 2947 dormire

269 2972 452 3053 permittam.
475 3008 520 3017 —
543 2972 704 3037 Concessit
726 2972 885 3049 fabulator,
909 2972 1005 3035 etsie
1028 2971 1152 3053 incepit:

361 3086 391 3143 3.
415 3080 486 3143 Erat
507 3079 634 3160 quidam
658 3080 796 3158 rusticus,
820 3080 873 3159 qui
894 3079 977 3142 mille
992 3079 1111 3143 solidos
1127 3079 1241 3142 habuit
1281 3079 1341 3142 Hic

269 3172 372 3232 autem
408 3167 441 3231 in
476 3169 681 3249 negotiatione
720 3168 919 3250 proficiscens
953 3168 1141 3249 comparavit
1174 3168 1223 3231 bis
1257 3167 1340 3231 mille

270 3274 358 3336 oves,
395 3257 535 3337 singulos
570 3276 622 3323 sex
657 3257 799 3322 denariis.
852 3256 971 3320 Accidit
1002 3275 1040 3320 eo
1077 3256 1224 3320 redeunte
1254 3256 1339 3336 quod

218 3363 257 3409 aas
272 3365 386 3427 magna
408 3347 569 3411 inundatio
592 3366 741 3427 aquarum
764 3350 975 3411 succresceret.
1021 3344 1086 3419 Qui
1113 3364 1211 3426 quum
1239 3364 1341 3426 neque

270 3454 327 3516 per
348 3434 464 3498 vadum
489 3454 589 3516 neque
612 3455 667 3517 per
683 3440 808 3517 pontem
825 3435 953 3499 transire
969 3438 1080 3515 posset,
1102 3435 1178 3498 abiit
1192 3434 1340 3498 sollicitus

271 3542 424 3605 quaerens
454 3542 518 3604 quo
546 3543 616 3588 cum
647 3525 759 3588 ovibus
789 3524 853 3587 suis
882 3523 1036 3587 transvehi
1066 3528 1178 3605 posset.
1225 3524 1342 3587 lnvenit

271 3612 395 3675 tandem
420 3614 561 3693 exiguam
586 3613 765 3692 naviculam,
789 3618 818 3677 et
841 3614 1016 3677 necessitate
1035 3617 1158 3677 coactus
1173 3613 1251 3676 duas
1267 3630 1341 3675 oves

272 3701 438 3783 imponens
460 3721 571 3783 aquam
594 3702 718 3766 transiit
741 3738 785 3747 -

222 3824 260 3871 aa)
364 3817 394 3872 4.
421 3809 480 3873 llis
495 3808 583 3873 dictis
597 3809 750 3873 fabulator
766 3809 964 3873 obdormivit
1004 3808 1069 3878 Rex
1082 3807 1237 3888 siquidem
1254 3807 1340 3869 illum

273 3898 420 3975 excitam,
455 3902 489 3960 ut
522 3897 656 3961 fabulam
691 3916 784 3977 quam
819 3898 973 3977 inceperat
1006 3897 1109 3960 finiret
1140 3895 1341 3961 commonuit.

274 3986 439 4051 Fabulafor
461 3986 501 4049 ad
525 3986 611 4049 haec:

365 4095 393 4157 5.
420 4093 544 4156 Fluctus
566 4092 616 4155 ille
640 4109 771 4172 magnus
793 4094 850 4167 esf,
881 4091 1021 4154 navicula
1049 4095 1151 4154 autem
1182 4109 1283 4170 parva,
1314 4095 1343 4152 et

273 4201 346 4263 grex
371 4182 479 4246 ovium
496 4180 737 4244 innumerabilis.
772 4180 916 4243 Permitte
938 4197 1014 4258 ergo
1029 4179 1237 4259 supradictum
1255 4180 1342 4241 rusti-
