3584 4884
855 459 1075 516 -34-

429 635 499 692 tare.
547 629 606 693 Tot
628 629 789 706 torsiones,
813 630 997 710 punctiones
1019 629 1051 692 in
1068 629 1203 692 vmblico
1219 630 1357 693 sustineo
1373 632 1498 708 propter

429 736 567 782 amorem
603 718 779 798 presbyteri,
815 717 902 798 quod
938 717 1067 781 deberes
1102 719 1195 781 michi
1227 718 1389 799 compati.u
1449 717 1499 778 nit

430 812 537 870 mater:
573 806 623 872 „0
648 807 824 884 bonafilia,
857 808 956 886 prima
983 807 1049 870 vice
1076 812 1202 887 propter
1231 825 1331 869 meam
1355 806 1498 869 benedie-

375 895 551 960 concionem
568 896 709 957 marinum
726 900 812 958 tuum
829 895 979 976 temptasti
984 917 993 973 ;
1016 897 1076 959 iarn
1100 900 1225 976 propter
1247 895 1498 958 benediccionem

431 985 524 1065 patris
539 984 582 1046 tui
597 983 699 1048 adhuc
715 985 808 1047 semel
825 1003 897 1048 eum
921 989 1050 1064 temptes
1066 989 1096 1046 et
1112 985 1137 1046 si
1160 988 1234 1046 tunc
1248 984 1379 1047 euadere
1403 988 1497 1063 potes,

431 1073 642 1154 presbyterum
667 1073 804 1152 diligas.¹¹
854 1073 926 1146 Que
960 1074 1013 1135 ait:
1051 1073 1186 1138 „Grauis
1221 1092 1300 1153 pena
1334 1073 1426 1134 michi
1454 1076 1500 1134 est

431 1180 486 1242 per
515 1166 631 1224 tuntum
662 1167 784 1242 tempus
815 1167 997 1242 exspectare.
1043 1163 1269 1239 Verumtamen,
1301 1166 1334 1224 ut
1356 1160 1499 1223 benedic-

430 1251 551 1314 cionem
576 1251 668 1330 patris
691 1269 815 1328 merear,
838 1250 941 1313 adhuc
956 1269 1027 1312 eum
1044 1255 1190 1330 temptare
1206 1251 1281 1313 uolo
1296 1250 1399 1312 semel.
1438 1248 1499 1312 Sed

376 1339 483 1403 condic
506 1339 606 1417 miehi,
639 1358 659 1402 o
687 1339 770 1402 bona
801 1344 904 1416 mater,
935 1339 966 1400 in
997 1357 1062 1418 quo
1089 1340 1190 1402 debeo
1213 1344 1359 1419 temptare
1389 1340 1497 1400 eum!t

431 1428 470 1490 At
494 1427 557 1490 illa:
585 1427 673 1492 „Tibi
699 1428 777 1490 bene
800 1433 918 1492 constat
940 1428 1027 1507 quod
1051 1446 1180 1508 parvum
1204 1428 1376 1490 cuniculum
1401 1427 1499 1502 habet,

432 1535 525 1596 quem
558 1516 688 1579 multum
719 1516 826 1596 diligit,
858 1535 896 1580 eo
927 1517 1013 1596 quod
1038 1519 1117 1580 bene
1140 1517 1226 1578 latrat
1248 1521 1277 1578 et
1299 1517 1409 1578 lectum
1434 1516 1501 1578 eius

432 1605 572 1669 custodit.
621 1605 709 1667 lltum
733 1623 839 1668 canem
864 1623 967 1668 coram
991 1624 1030 1668 eo
1053 1605 1194 1668 occidere
1215 1605 1319 1682 debes,
1343 1605 1412 1666 etsi
1428 1609 1502 1666 tunc

433 1693 563 1757 euadere
588 1694 695 1774 possis,
720 1695 931 1774 presbyterum
957 1694 988 1755 in
1005 1695 1132 1757 nomine
1146 1694 1267 1756 domini
1284 1694 1421 1772 diligas.u
1462 1694 1502 1754 M

378 1802 418 1848 666
434 1783 496 1846 illa:
539 1783 640 1848 „lstud
671 1783 861 1863 adimplebo;
893 1782 957 1858 sed,
988 1787 1021 1844 ut
1050 1783 1151 1860 credo,
1181 1801 1245 1845 non
1276 1787 1321 1850 est
1351 1786 1440 1844 natus
1462 1782 1502 1843 de

434 1872 570 1950 muliere,
594 1872 648 1952 qui
672 1878 732 1934 tam
757 1890 824 1934 care
841 1871 1091 1934 benediccionem
1109 1871 1201 1951 patris
1216 1876 1330 1933 emerat
1344 1876 1374 1933 et
1389 1871 1501 1946 matris,

433 1961 481 2022 Ad
505 1960 598 2024 deum
624 1966 652 2022 te
669 1960 918 2023 recommendo«
968 1961 1106 2022 Domum
1125 1961 1255 2040 perrexit
1271 1964 1300 2022 et
1315 1960 1396 2022 diem
1414 1960 1501 2021 illum

434 2050 464 2111 in
488 2049 635 2112 solacium
660 2049 754 2112 duxit.
801 2049 882 2112 Cum
907 2067 970 2112 nox
992 2049 1117 2125 adesset,
1141 2049 1236 2111 lectus
1258 2049 1297 2111 de
1314 2067 1451 2128 purpura
1474 2052 1504 2109 et

434 2138 528 2217 bysso
552 2145 682 2218 paratur.
731 2138 821 2200 Miles
854 2157 930 2200 vero
961 2138 1081 2200 interim
1113 2138 1195 2199 iuxta
1225 2139 1328 2216 ignem
1359 2137 1500 2214 sedebat;

379 2243 420 2289 666
435 2244 549 2305 paruus
573 2227 809 2303 canisintrauit,
833 2231 866 2289 ut
888 2227 996 2290 solitus
1020 2232 1089 2302 erat,
1113 2231 1142 2288 et
1161 2244 1256 2306 super
1271 2226 1381 2288 lectum
1397 2243 1503 2287 ascen-

433 2313 485 2378 dit.
534 2314 670 2377 Domina
693 2333 767 2377 vero
791 2333 861 2376 eum
887 2334 942 2394 per
964 2315 1045 2377 duos
1068 2314 1163 2394 pedes
1187 2315 1372 2394 posteriores
1387 2314 1503 2393 accepit

434 2406 463 2464 et
496 2407 585 2481 caput
619 2402 658 2464 ad
694 2403 837 2481 parietem
869 2404 1024 2482 percussit,
1056 2421 1221 2482 quousque
1251 2403 1411 2466 cerebrum
1435 2403 1503 2464 eius

434 2495 496 2552 erat
518 2491 757 2569 circumquaque
781 2492 924 2554 ettusum.
971 2493 1061 2554 Miles
1084 2493 1141 2554 hec
1163 2492 1272 2555 videns
1287 2492 1340 2554 ait:
1367 2492 1418 2558 „0
1434 2509 1503 2571 pes-

433 2579 511 2641 sima
535 2579 612 2641 inter
636 2579 960 2659 omnes(Bl.155v.),
984 2599 1061 2659 quas
1076 2599 1211 2660 vnquam
1235 2581 1313 2643 vidi!
1339 2581 1406 2644 Cur
1420 2581 1503 2643 cani-

379 2667 538 2730 oroculum
571 2686 674 2729 meum
706 2671 775 2730 ante
806 2669 932 2731 occulos
955 2687 1042 2731 meos
1064 2671 1243 2732 occidisti.iu
1292 2670 1417 2731 Atilia:
1452 2669 1503 2734 „0

435 2756 569 2834 domine,
584 2775 688 2819 nonne
701 2756 786 2818 vides
810 2757 895 2835 quod
921 2758 1015 2820 lectus
1039 2762 1142 2820 noster
1162 2759 1309 2838 preciosis
1325 2759 1435 2838 pannis
1459 2762 1505 2820 est

434 2847 617 2925 coopertus?
658 2845 824 2908 Caniculus
847 2864 921 2908 vero
945 2845 984 2908 de
1007 2846 1071 2909 luto
1094 2849 1178 2908 venit
1200 2852 1229 2909 et
1244 2853 1366 2910 nostros
1382 2864 1504 2926 pannos

435 2935 591 3014 preciosos
607 2934 777 2997 contudit«
813 2933 877 3006 Qui
893 2934 947 2996 ait:
975 2936 1094 3013 „Magis
1110 2935 1201 2998 dilexi
1218 2936 1390 2998 cuniculum
1409 2954 1503 3015 quam

435 3023 573 3085 lectum.¹¹
601 3023 673 3096 Que
695 3023 747 3084 ait:
775 3022 825 3087 „O
849 3022 984 3099 domine,
1009 3024 1142 3102 quitquit
1164 3042 1224 3102 ego
1244 3024 1283 3086 ad
1299 3023 1503 3086 commodum

380 3128 421 3174 666
435 3115 521 3174 tuum
546 3112 655 3174 studeo
687 3115 866 3192 perpetrare,
898 3115 930 3172 tu
961 3113 1053 3173 vertis
1076 3112 1108 3172 in
1132 3113 1277 3174 mnium.u
1326 3112 1432 3174 Statim
1456 3113 1504 3173 in-

434 3200 514 3279 cepit
535 3200 618 3275 flere,
642 3205 733 3279 caput
756 3203 912 3280 percutere
927 3202 957 3260 et
970 3199 1023 3260 ait:
1050 3201 1141 3263 „Heu
1158 3201 1259 3278 michi,
1284 3201 1381 3262 heure
1413 3201 1504 3263 Miles

434 3306 508 3351 vero
538 3289 646 3350 videns
676 3289 782 3350 fletum
815 3305 906 3350 suum
930 3287 1018 3348 dixit:
1057 3288 1103 3351 „A
1126 3289 1199 3350 tletu
1223 3291 1321 3352 cessa!
1369 3289 1439 3351 Tibi
1463 3289 1504 3351 ad

436 3393 561 3454 presens
585 3377 731 3439 remitto«
781 3376 853 3449 Que
884 3376 937 3437 ait:
976 3375 1083 3439 „Deus
1116 3376 1168 3438 det
1203 3378 1295 3440 michi
1330 3396 1384 3440 cor
1414 3383 1504 3440 tuum

435 3481 629 3541 cognoscere,
662 3464 747 3542 quod
779 3464 895 3543 possim
928 3463 982 3525 tibi
1014 3464 1132 3542 placere
1162 3466 1202 3528 de
1226 3468 1362 3528 ceterot‘1
1411 3468 1505 3529 Mane

381 3567 422 3612 ooo
437 3568 510 3612 vero
545 3551 674 3613 surrexit
708 3557 736 3614 et
769 3551 807 3613 ad
842 3551 999 3612 ecclesiam
1038 3554 1176 3630 perrexit,
1216 3554 1247 3615 in
1285 3572 1347 3634 qua
1376 3560 1504 3618 matrem

436 3643 571 3701 orantem
608 3639 732 3715 inuenit,
765 3643 794 3701 et
826 3639 878 3700 ait:
917 3638 967 3702 „0
1003 3644 1104 3717 mater,
1139 3642 1287 3704 dominus
1320 3645 1360 3704 sit
1386 3646 1503 3706 tecum!

436 3726 534 3804 Certe,
559 3726 618 3788 iarn
643 3728 853 3806 presbyterum
877 3744 980 3787 amare
1003 3728 1087 3804 volo;
1111 3730 1183 3791 satis
1199 3749 1266 3792 care
1282 3731 1349 3793 eius
1363 3751 1504 3794 amorem

436 3815 504 3891 erni,
529 3813 614 3893 quod
638 3819 698 3876 tam
723 3816 775 3876 diu
800 3817 926 3894 propter
940 3818 1053 3877 vestras
1070 3817 1306 3880 benedicciones
1321 3822 1505 3900 exspectaui.

438 3903 514 3984 Feci,
538 3903 616 3965 sicut
639 3903 731 3965 michi
755 3901 864 3976 dixisti,
889 3905 1011 3962 etcum
1036 3921 1145 3980 parum
1170 3906 1269 3985 incepi
1294 3908 1377 3985 flere,
1409 3909 1505 3972 michi

381 4009 423 4055 666
438 3992 553 4056 remisit
576 4009 612 4052 ex
635 3995 699 4053 toto
724 3990 843 4054 corde.¹¹
891 3987 942 4048 Ait
971 3993 1078 4050 mater:
1112 3991 1162 4054 »Ο
1193 3993 1258 4055 tilia
1285 3995 1402 4073 dilecta,
1439 4017 1505 4061 non

437 4087 482 4145 est
515 4079 676 4144 crudelitas
711 4097 803 4159 super
837 4074 1043 4138 crudelitatem
1078 4095 1197 4140 senum.
1244 4081 1387 4146 Consulo
1416 4087 1506 4165 quod

436 4171 537 4233 adhuc
559 4167 653 4230 semel
682 4185 752 4228 eum
783 4166 939 4241 temptes.¹¹
987 4162 1027 4222 nt
1056 4163 1118 4224 illa:
1156 4168 1281 4245 „Mater
1317 4171 1349 4232 in
1385 4192 1505 4236 uanum
