3584 4884
705 474 925 535 ..45-

311 642 365 709 ltl.
392 644 555 715 iohannis
579 645 621 715 do
646 645 760 733 capue
783 646 1005 717 lllrootorlun
1028 646 1122 716 vltao
1144 647 1319 716 hnmanae.

704 769 746 822 ‹er-
761 768 926 825 umbone.)

687 979 713 1033 1.
752 970 804 1049 [=
829 970 859 1034 S.
885 970 947 1051 Sd]

369 1093 491 1157 Dicitur
513 1094 640 1174 quidem
658 1094 752 1157 tuisse
768 1095 955 1172 heremitam,
978 1094 1028 1158 cui
1044 1113 1099 1157 rex
1121 1094 1207 1157 dedit
1222 1094 1350 1175 pulchra

276 1182 459 1246 vestimenta
482 1187 511 1246 et
533 1182 739 1260 honorabilia;
762 1188 791 1245 et
813 1182 923 1246 videns
938 1183 988 1246 illa
1010 1184 1087 1247 latro
1103 1184 1230 1264 quidam
1253 1202 1351 1265 appo

277 1272 339 1333 suit
361 1289 468 1335 curam
491 1272 585 1334 iurari
610 1272 669 1348 illa,
693 1275 722 1333 et
744 1272 830 1334 nisus
853 1276 899 1335 est
922 1290 1051 1352 querere
1072 1276 1252 1352 argumenta
1272 1273 1351 1335 circa

277 1360 348 1424 hoc
392 1360 449 1423 lvit
463 1360 502 1423 ad
519 1360 697 1423 heremitam
714 1360 820 1423 dicens
835 1361 876 1425 ei:
901 1360 1050 1438 Obsecro,
1073 1365 1176 1424 sancte
1196 1362 1350 1436 heremita,

247 1449 386 1512 snudus
415 1453 444 1511 et
471 1467 587 1529 pauper
617 1466 700 1526 sum;
729 1450 858 1512 audiens
885 1453 969 1512 tuam
998 1450 1182 1513 sanctitatem
1213 1450 1283 1513 veni
1311 1451 1351 1512 de

278 1543 358 1601 terra
381 1538 610 1618 longinquant
632 1539 687 1602 tibi
711 1538 879 1602 ministrem
904 1542 1011 1601 etate
1032 1537 1152 1602 docear.
1191 1537 1251 1603 Cui
1274 1539 1353 1601 dixit

279 1627 440 1691 heremita:
471 1628 560 1704 Volo,
584 1627 637 1704 lili,
669 1632 702 1689 ut
732 1646 852 1691 mecum
876 1631 938 1691 stes
953 1632 983 1689 et
1004 1632 1195 1707 pernoctem
1212 1628 1351 1691 moreris

279 1717 426 1795 Tumque
461 1732 585 1779 morans
619 1716 671 1778 iur
704 1716 755 1779 ille
793 1734 863 1779 cum
900 1716 1046 1779 heremita
1080 1716 1177 1796 longo
1211 1720 1352 1797 tempore

279 1804 512 1867 administrabat
534 1804 561 1867 ei
585 1804 716 1867 fideliter
738 1809 767 1869 et
789 1806 908 1883 devote,
932 1805 972 1868 ita
994 1809 1028 1867 ut
1042 1804 1179 1868 crederet
1199 1805 1231 1867 in
1248 1806 1351 1886 ipsum

228 1910 254 1954 10
280 1894 430 1956 heremita
451 1896 482 1956 et
503 1893 672 1956 confideret
702 1892 741 1957 de
765 1912 812 1957 eo.
859 1893 998 1957 Tradidit
1019 1894 1122 1973 itaque
1149 1894 1296 1957 heremita
1319 1894 1351 1955 in

280 2000 376 2045 manu
400 1982 478 2045 iuris
505 1982 611 2045 omnia
633 2001 694 2063 que
717 1987 803 2045 erant
829 1983 860 2044 in
883 1982 990 2046 domo.
1036 1982 1181 2056 Quadam
1204 2000 1279 2045 vero
1301 1982 1352 2045 die

280 2090 353 2134 cum
378 2072 482 2134 ivisset
504 2071 649 2135 heremita
671 2071 710 2133 ad
734 2071 883 2134 civitatem
908 2090 966 2151 pro
980 2072 1045 2135 suis
1060 2072 1207 2151 negociis,
1222 2070 1354 2134 surrexit

280 2160 331 2223 iur
347 2164 377 2223 et
391 2160 521 2241 acceptis
540 2161 726 2223 vestimentis
740 2160 827 2241 iugit.
862 2160 1008 2240 Cumque
1023 2160 1135 2223 rediret
1149 2160 1295 2223 heremita
1312 2161 1353 2223 ad

281 2250 415 2313 domum
431 2252 461 2312 et
475 2266 539 2311 non
556 2250 704 2312 inveniret
723 2249 823 2311 iurem
846 2266 903 2313 nec
924 2266 981 2312 sua
995 2249 1181 2327 vestimenta,
1204 2249 1354 2312 estimavit

231 2354 256 2399 15
282 2340 370 2401 illum
396 2355 464 2401 esse
490 2338 623 2401 iuratum
650 2338 837 2414 vestimenta,
867 2342 897 2400 et
917 2356 1079 2419 apponens
1106 2356 1234 2417 querere
1256 2338 1353 2415 illum,

280 2428 393 2491 direxit
415 2444 491 2489 suos
513 2444 637 2506 gressus
660 2427 744 2507 apud
768 2426 924 2507 quandam
940 2426 1097 2505 civitatem.
1138 2428 1259 2489 Etcum
1275 2432 1355 2490 esset

282 2518 312 2579 in
343 2516 459 2592 itinere,
490 2515 625 2579 obviavit
653 2515 780 2579 duobus
810 2515 904 2579 hircis
932 2516 1123 2579 silveshibus
1151 2515 1190 2577 ad
1221 2516 1352 2578 invicem

282 2605 510 2687 pugnantibus,
549 2604 649 2667 donec
681 2604 712 2666 in
744 2604 905 2684 sanguinis
932 2604 1117 2667 effusionem
1153 2604 1353 2667 devenerunt.

283 2694 412 2769 Quibus
434 2712 505 2757 cum
528 2694 755 2774 supervenisset
776 2694 894 2775 vulpes,
917 2693 998 2773 cepit
1012 2692 1148 2756 lambere
1170 2694 1352 2772 sanguinem

233 2800 258 2845 ao
283 2784 337 2863 qui
360 2782 402 2845 ab
425 2782 470 2845 eis
492 2782 665 2861 emanabat;
697 2787 726 2845 et
748 2782 926 2863 interposita
947 2782 1041 2862 vulpe
1063 2782 1139 2862 ipsis
1162 2781 1254 2845 hircis
1276 2782 1352 2844 dum

284 2875 467 2953 pugnarent,
490 2872 522 2934 in
545 2876 662 2934 tantum
686 2872 725 2934 ab
749 2872 793 2935 eis
815 2875 861 2934 est
876 2888 1024 2951 oppressa
1039 2875 1069 2933 et
1082 2871 1172 2933 etiam
1188 2870 1354 2948 vulnerata,

284 2966 317 3023 ut
339 2960 469 3040 sanguis
495 2961 534 3023 ab
564 2978 600 3023 ea
623 2964 784 3023 emanaret.
831 2960 899 3041 ipsa
925 2960 1008 3022 enim
1036 2959 1169 3040 pedibus
1197 2960 1353 3023 hircorum

285 3049 498 3113 miserabiliter
519 3050 594 3127 trita,
617 3049 733 3113 corruit
755 3054 875 3113 mortua
899 3050 931 3111 in
954 3054 1073 3111 terram.

376 3138 451 3201 Post
473 3138 530 3201 hec
551 3156 626 3201 vero
648 3156 809 3219 apponens
824 3138 971 3201 heremita
992 3156 1097 3201 curam
1120 3156 1206 3202 suam
1227 3156 1357 3219 querere

236 3244 261 3289 as
285 3228 396 3305 turem,
420 3227 559 3307 pervenit
581 3228 613 3290 in
637 3244 707 3290 sero
722 3227 761 3289 ad
778 3226 938 3307 quandum
957 3227 1116 3304 civitatem,
1140 3231 1169 3290 et
1184 3228 1357 3308 hospitatus

286 3322 331 3380 est
353 3316 386 3379 in
410 3317 507 3379 domo
534 3316 694 3380 cuiusdam
719 3316 855 3379 mulieris
885 3316 1059 3393 meretricis,
1087 3334 1158 3378 cum
1183 3334 1246 3379 non
1271 3317 1356 3380 inve-

287 3407 381 3469 nisset
409 3406 494 3468 aliud
525 3406 700 3487 hospicium
731 3405 785 3469 ubi
817 3405 1028 3485 hospitaretur.
1083 3405 1225 3468 ilabebat
1252 3410 1355 3469 autem

287 3495 343 3558 hec
366 3494 478 3557 mulier
501 3494 656 3575 quandam
679 3494 860 3558 servientem
883 3494 1022 3557 similiter
1040 3494 1238 3572 meretricem,
1261 3512 1354 3574 quam

287 3583 485 3664 deputaverat
507 3584 612 3648 officio
631 3583 880 3647 meretricationis
904 3583 1076 3662 hominum,
1100 3588 1133 3646 ut
1155 3581 1267 3646 exinde
1289 3583 1357 3663 ipsa

242 3688 266 3733 a]
288 3673 407 3736 saliaria
430 3673 585 3753 reciperet.
623 3671 795 3735 Adamabat
815 3676 917 3735 autem
941 3673 998 3736 hec
1020 3673 1156 3735 serviens
1179 3672 1356 3753 quemdam,

289 3778 345 3825 nec
374 3762 499 3825 volebat
534 3778 568 3824 se
600 3761 674 3825 dare
707 3761 775 3823 aliis
809 3760 997 3824 hominibus.
1054 3761 1199 3841 Cumque
1233 3762 1290 3824 hec
1324 3761 1354 3823 in

291 3851 442 3913 deiectum
466 3849 593 3913 domine
623 3849 808 3913 redundaret
837 3867 875 3911 eo
905 3850 991 3929 quod
1015 3867 1080 3912 non
1111 3850 1296 3930 percipiebat
1318 3868 1358 3913 ex

290 3958 324 4002 ea
346 3939 477 4016 lucrum,
508 3938 574 4001 nisa
600 3944 645 4002 est
675 3942 780 4001 contra
806 3938 955 4001 amasium
980 3938 1062 4001 illius
1084 3945 1119 4000 ut
1140 3938 1241 4018 ipsum
1266 3939 1356 4001 inter-

290 4028 401 4091 ficeret.
448 4027 590 4101 Quadam
613 4046 688 4091 vero
713 4030 808 4103 nocte,
833 4044 903 4089 cum
928 4026 1059 4089 misisset
1081 4045 1139 4107 pro
1158 4043 1216 4090 suo
1239 4028 1358 4089 amasio

245 4133 269 4177 a
293 4116 341 4178 illa
363 4116 510 4193 serviens,
542 4116 655 4195 potavit
684 4116 787 4196 ipsum
818 4115 916 4177 multo
939 4115 1022 4193 vino,
1052 4115 1091 4177 ita
1121 4115 1206 4195 quod
1230 4115 1357 4194 arripuit

293 4222 362 4267 eum
397 4222 495 4284 sopor
528 4208 556 4265 et
589 4205 762 4269 dormiebat
794 4202 919 4267 fortiter.
974 4204 1010 4265 Et
1043 4220 1195 4282 exurgens
1229 4202 1359 4265 domina
