3584 4884
706 448 928 505 ..61-

281 623 449 687 dormieus.
495 622 588 684 Mane
619 639 692 684 vero
725 621 847 684 recessit
876 620 1010 683 amasius
1042 619 1178 682 mulieris
1208 619 1240 682 in
1267 620 1349 682 viam

281 731 378 790 suam,
403 711 513 774 marito
536 711 705 790 ignorante,
734 710 807 790 quia
829 709 959 773 dulciter
980 709 1040 771 sub
1063 708 1141 771 lecto
1164 708 1256 771 iacuit
1277 708 1349 771 dor-

227 820 268 865 sas
283 801 411 864 mieudo
434 801 466 862 in
490 799 685 863 stercoribus.
716 798 830 862 Mulier
844 817 919 861 vero
935 798 1026 861 iacuit
1041 797 1072 859 in
1089 797 1168 861 lecto
1183 797 1350 872 dormiens,

281 896 310 953 et
337 893 532 970 experrectus
563 888 688 951 maritus
718 888 822 951 bonus
851 888 944 954 exivit
973 887 1013 949 de
1042 887 1152 949 subtus
1182 886 1293 949 lectum
1322 890 1352 949 et

282 979 399 1042 invenit
421 997 509 1041 suam
539 995 666 1041 uxorem
689 977 822 1040 suaviter
844 976 1063 1053 dormientem;
1092 980 1121 1037 et
1142 975 1222 1055 cepit
1243 975 1351 1039 sedere

282 1069 313 1131 in
338 1068 429 1131 latere
453 1068 520 1130 cius
542 1071 571 1129 et
593 1066 667 1129 flare
684 1066 838 1129 infaciem
860 1066 929 1129 eius
943 1069 973 1127 et
987 1064 1117 1128 osculari
1134 1069 1163 1126 el
1184 1064 1350 1144 amplexari

282 1176 349 1220 eam
373 1156 476 1220 donec
491 1156 548 1218 luit
563 1155 696 1219 excitata.
730 1156 765 1217 Et
787 1156 839 1217 ait:
863 1154 976 1217 Anima
999 1172 1067 1216 mea
1090 1152 1261 1234 redemptio
1284 1155 1349 1217 tua!

230 1266 270 1311 sao
284 1246 348 1309 iace
371 1250 402 1308 et
423 1244 535 1321 dormi,
559 1244 632 1323 quia
655 1262 718 1307 non
742 1243 914 1307 dormivisti
939 1243 996 1305 hac
1018 1246 1115 1321 nocte,
1145 1246 1175 1305 et
1198 1242 1256 1305 nisi
1279 1242 1351 1323 quia

282 1335 370 1398 uolui
401 1335 526 1397 turbare
555 1337 596 1411 te,
631 1333 848 1396 interfecissem
886 1332 993 1411 utique
1027 1332 1114 1394 illum
1149 1332 1291 1412 iniquum
1323 1336 1353 1393 et

282 1423 488 1487 reddidissem
512 1426 541 1485 te
563 1422 757 1501 tranquillam
780 1440 818 1484 ex
841 1439 888 1485 eo.

662 1568 712 1627 16.
750 1562 804 1643 l:
828 1562 858 1627 S.
883 1563 969 1642 arn]

376 1689 496 1751 Dicitur
518 1688 613 1751 luisse
635 1687 718 1768 apud
750 1687 918 1767 quemdam
947 1687 1046 1750 lacum
1077 1688 1135 1765 leo,
1166 1687 1215 1751 cui
1246 1692 1351 1751 uatum

190 1830 193 1837 .
282 1783 347 1842 erat
369 1782 529 1858 apostema
551 1778 591 1840 de
614 1794 678 1857 quo
701 1781 880 1840 extenuatus
904 1780 956 1853 est,
985 1776 1068 1839 etin
1092 1776 1261 1839 maximum
1285 1795 1352 1857 per-

230 1868 370 1933 eosvenit
392 1866 553 1943 delectum,
585 1866 625 1928 ita
652 1870 685 1928 ut
711 1866 815 1928 venari
844 1883 908 1927 non
938 1870 1041 1945 posset
1066 1864 1184 1945 aliquid
1212 1884 1270 1945 pro
1297 1884 1354 1929 sua

282 1958 354 2020 vita.
393 1957 463 2018 Erat
484 1959 585 2018 autem
609 1972 680 2018 cum
704 1973 742 2018 eo
758 1954 875 2037 vulpes,
900 1954 989 2016 cuius
1003 1954 1102 2017 victus
1115 1959 1180 2016 erat
1194 1954 1352 2017 residuum

283 2045 386 2109 leonis
408 2049 438 2107 et
459 2043 546 2123 quod
570 2044 628 2107 sibi
652 2048 715 2107 erat
737 2043 932 2123 superfluum
956 2047 1120 2123 postquam
1143 2043 1286 2107 comedit
1319 2045 1354 2105 Et

284 2135 361 2197 lacta
393 2138 438 2196 est
469 2134 526 2197 hec
559 2132 701 2212 egritudo
737 2132 836 2196 leonis
868 2132 955 2212 vulpi
989 2132 1079 2194 valde
1111 2132 1250 2209 molesta,
1281 2133 1353 2212 quia

284 2224 428 2286 amiserat
450 2240 549 2285 escam
574 2226 603 2284 et
625 2221 799 2302 portionem
822 2238 921 2285 suam.
951 2220 1095 2294 Quadam
1115 2240 1189 2284 vero
1212 2220 1263 2284 die
1278 2222 1354 2283 dixit

232 2332 272 2377 oro
286 2312 397 2393 vulpes
413 2311 509 2374 leoni:
534 2311 670 2374 Domiue
684 2310 872 2387 animalium,
896 2328 992 2389 quare
1007 2309 1099 2373 video
1115 2314 1144 2372 te
1159 2310 1353 2373 macilentum

285 2405 315 2465 et
337 2401 517 2481 perditum?
563 2399 622 2463 Cui
647 2399 807 2481 respondit
829 2399 891 2462 leo:
924 2400 995 2462 Hoc
1017 2398 1103 2478 quod
1132 2397 1218 2462 vides
1248 2400 1280 2461 in
1304 2418 1354 2462 me

286 2508 352 2553 non
385 2494 430 2553 est
459 2489 517 2553 nisi
546 2507 583 2552 ex
613 2492 799 2569 apostemate
830 2489 917 2568 quod
947 2488 1063 2551 accedit
1093 2488 1178 2566 mihi,
1209 2488 1257 2551 cui
1289 2506 1353 2551 uon

287 2578 415 2641 invenio
446 2578 629 2641 medicinam
660 2577 718 2641 nisi
746 2596 816 2640 cum
848 2577 943 2640 corde
965 2581 994 2639 et
1022 2576 1167 2639 auriculis
1196 2577 1282 2653 asini,
1313 2582 1354 2653 ut

287 2668 353 2731 loto
378 2685 448 2730 meo
472 2685 601 2747 corpore
625 2667 703 2730 bene
727 2666 758 2728 in
781 2684 861 2746 aqua
881 2666 1004 2743 fluente,
1027 2665 1222 2729 comederem
1246 2666 1312 2729 illas
1326 2671 1356 2729 et

235 2776 275 2821 so
288 2762 364 2819 tunc
386 2756 535 2821 reficerer.
583 2756 667 2818 Dixit
688 2756 717 2819 ei
740 2756 861 2836 vulpes:
891 2756 962 2819 Hoc
985 2754 1061 2817 milri
1084 2754 1171 2817 facile
1193 2758 1246 2833 est,
1277 2773 1355 2834 quo

289 2846 373 2908 niam
398 2844 463 2908 scio
493 2862 591 2925 prope
619 2862 677 2908 nos
707 2844 824 2907 iontem
854 2844 894 2906 ad
923 2861 1016 2924 quem
1048 2842 1126 2907 lullo
1155 2844 1239 2905 venit
1268 2843 1355 2907 omni

288 2935 340 2997 die
363 2933 403 2996 ad
427 2933 656 2997 candidandum
680 2951 809 3014 pannos,
840 2951 945 2997 secum
969 2932 1086 2995 ducens
1115 2932 1236 2995 asinum
1261 2950 1355 3012 quem

288 3024 402 3087 ducam
426 3022 464 3085 ad
488 3027 525 3099 te,
555 3027 585 3085 et
607 3022 646 3085 de
669 3041 707 3085 eo
731 3022 832 3103 capies
854 3021 941 3101 quod
964 3023 1020 3085 vis.
1066 3021 1152 3085 Dixit
1174 3021 1202 3084 ei
1226 3021 1288 3085 leo:
1323 3020 1355 3084 si

289 3111 367 3175 mihi
392 3112 453 3175 hoc
474 3111 590 3189 leceris,
613 3112 669 3175 erit
690 3112 774 3192 apud
799 3129 848 3174 me
872 3111 1005 3173 maxima
1027 3111 1131 3191 gratia.

236 3222 275 3267 suo
383 3202 420 3263 Et
441 3200 585 3264 testinans
607 3200 724 3281 vulpes,
747 3200 872 3263 accessit
893 3200 933 3262 ad
957 3200 1061 3263 locum
1080 3200 1135 3263 ubi
1158 3203 1221 3262 erat
1242 3198 1356 3276 asinus,

289 3291 397 3354 dicens
426 3289 467 3352 ei:
506 3288 678 3363 Quomodo
708 3288 801 3352 video
832 3293 862 3352 te
895 3288 1108 3352 defectuosum
1138 3291 1168 3351 et
1196 3288 1356 3351 macrum?

290 3378 352 3443 Cui
377 3378 535 3459 respondit
556 3378 673 3441 asinus:
705 3379 776 3441 Hoc
798 3382 903 3441 estex
925 3378 1044 3441 malicia
1066 3377 1127 3440 mei
1151 3377 1279 3457 patroni,
1301 3376 1356 3457 qui

290 3487 341 3531 me
364 3467 474 3547 aflligit
496 3471 525 3530 et
551 3471 653 3531 tenuat
679 3467 769 3530 lame.
817 3468 853 3529 Et
874 3466 917 3529 ait
938 3466 977 3529 ad
1000 3485 1072 3529 eum
1099 3466 1220 3546 vulpes:
1252 3465 1357 3540 Quare

291 3558 385 3635 igitur
407 3556 454 3619 vis
477 3574 543 3619 esse
565 3557 691 3619 secum?
725 3556 760 3618 Et
775 3555 934 3636 respondit
953 3556 1070 3618 asinus:
1094 3554 1170 3629 Quo
1188 3554 1275 3618 valeo
1291 3555 1356 3618 ire?

239 3665 278 3711 sss
292 3647 483 3724 ubicumque
507 3645 587 3707 enim
613 3645 677 3707 iero
692 3644 792 3707 simile
808 3645 883 3706 mihi
900 3645 1063 3724 continget
1094 3645 1132 3707 Et
1145 3643 1222 3705 dixit
1236 3644 1356 3724 vulpes:

290 3734 369 3799 Veni
394 3751 515 3797 mecum
542 3734 581 3796 ad
605 3733 763 3813 quoddam
794 3752 943 3814 pascuum
972 3734 1100 3809 bonum,
1132 3733 1163 3794 in
1194 3751 1259 3812 quo
1286 3738 1359 3796 sunt

291 3824 387 3887 multe
420 3822 518 3899 asine,
556 3840 613 3885 uec
646 3826 691 3885 est
725 3822 767 3885 ibi
803 3823 940 3902 mugitus
974 3822 1100 3886 leonum
1131 3840 1188 3884 nec
1216 3822 1358 3901 strepitus

291 3914 436 3975 terarum.
478 3913 513 3974 Et
534 3911 664 3975 audieus
687 3912 743 3975 hec
764 3912 877 3988 asinus,
903 3911 1016 3991 placuit
1037 3911 1096 3974 sibi
1120 3914 1150 3973 et
1171 3910 1260 3972 dixit:
1283 3912 1357 3974 Nou

291 4002 395 4065 solum
419 4006 519 4063 tecum
542 4000 622 4063 vado
652 4004 777 4080 propter
798 4001 907 4078 asinas,
934 4001 989 4062 sed
1013 4018 1051 4062 ex
1078 3999 1174 4062 nimia
1195 3998 1358 4063 dilectione

240 4108 279 4153 seo
293 4108 387 4171 quam
413 4089 514 4152 habeo
537 4107 609 4169 erga
631 4093 668 4151 te.
705 4090 740 4152 Et
755 4107 908 4169 exurgens
925 4089 978 4151 ivit
992 4106 1063 4151 cum
1079 4106 1127 4151 eo.
1157 4087 1358 4151 Venientibus

291 4179 353 4241 illis
374 4178 414 4241 ad
438 4178 569 4256 leonem,
592 4178 716 4257 gavisus
739 4182 784 4241 est
806 4178 868 4256 leo;
891 4196 962 4240 cum
978 4181 1079 4239 autem
1104 4175 1248 4238 invadere
1270 4176 1360 4238 vellet
