3584 4884
837 486 878 495 —
929 457 999 515 180.
1036 484 1080 495 -

424 646 496 692 eum
519 628 629 693 videns
651 628 742 693 vellet
763 628 976 708 subterfugere
1002 632 1032 691 et
1058 628 1158 707 latere,
1189 627 1260 691 fecit
1280 646 1352 692 eurn
1375 630 1492 708 vocari,

424 722 454 781 et
475 716 626 798 adjuranti
650 718 704 782 illo
732 722 838 781 sancto
861 716 948 797 quod
971 716 1086 780 diceret
1106 715 1183 796 quid
1206 721 1348 796 quereret
1369 722 1399 781 et
1420 719 1492 799 quis

424 810 510 885 esset,
533 806 606 869 dicit
627 824 661 870 se
684 824 750 871 esse
772 806 951 888 dyabolum,
974 809 1004 868 et
1017 805 1104 885 quod
1125 823 1181 886 per
1201 805 1368 870 duodecim
1391 825 1492 872 annos

370 910 411 959 18⁵
425 899 633 977 expectaverat
654 895 782 976 quando
809 899 914 976 posset
935 894 1098 975 deportare
1120 894 1284 959 dominum
1308 895 1405 975 illum,
1435 896 1490 961 sed

425 1002 489 1048 non
505 984 612 1065 potuit,
635 984 708 1064 quia
723 984 854 1065 singulis
869 984 981 1047 diebus
994 988 1112 1064 septem
1128 983 1247 1047 vicibus
1262 1003 1333 1048 cum
1349 984 1491 1049 flectione

423 1090 562 1154 genuum
586 1073 704 1137 beatam
727 1072 886 1153 Virginem
914 1072 1063 1136 salutabat
1084 1076 1115 1136 et
1135 1076 1251 1154 septem
1276 1073 1366 1137 Pater
1387 1078 1492 1138 noster

423 1162 551 1226 dicebat
596 1162 762 1243 adjuratus
785 1180 823 1225 ex
845 1166 930 1243 parte
953 1163 1040 1225 beate
1061 1161 1205 1241 Virginis,
1231 1163 1361 1226 cadaver
1382 1162 1490 1226 fedum

423 1250 455 1313 in
478 1268 544 1331 quo
566 1254 630 1315 erat
652 1250 838 1331 relinquens,
861 1250 949 1330 fugit

806 1398 834 1457 8.
883 1392 1102 1473 [=S.115.]
1145 1326 1150 1335 Ι

369 1534 409 1579 rso
514 1518 586 1581 ltem
610 1518 720 1598 legitur
742 1517 829 1598 quod
846 1516 974 1598 quidam
997 1517 1164 1597 imperator
1179 1516 1338 1585 Romanus
1359 1535 1489 1581 uxorem

423 1606 530 1671 habuit
563 1606 799 1688 pulcherrimam
834 1610 864 1670 et
896 1606 1093 1669 castissimam
1100 1627 1109 1684 ;
1146 1606 1216 1686 qui,
1251 1606 1398 1670 recedens
1431 1624 1490 1688 pro

423 1696 560 1776 negociis
583 1696 712 1777 imperii,
736 1696 796 1760 sub
819 1694 959 1759 custodia
980 1694 1081 1757 fratris
1102 1695 1151 1758 sui
1174 1712 1303 1759 uxorem
1327 1699 1357 1758 et
1378 1699 1490 1759 terram

421 1784 546 1849 dimisit.
593 1784 693 1865 Cujus
722 1785 846 1849 allectus
876 1783 968 1847 frater
997 1783 1211 1863 pulcritudine,
1243 1784 1393 1865 impetivit
1420 1802 1489 1847 eam

421 1874 582 1954 promissis
616 1879 645 1937 et
679 1873 772 1938 minis
801 1877 831 1936 et
863 1872 1033 1937 violenciis
1079 1871 1162 1935 Cum
1195 1876 1297 1936 autem
1333 1872 1400 1953 ipsa
1433 1872 1491 1937 hec

368 1978 408 2025 us
422 1963 553 2027 omnino
569 1967 724 2044 respueret
738 1968 768 2027 et
782 1980 816 2027 se
837 1962 877 2026 ab
900 1979 939 2025 eo
962 1960 1086 2024 viriliter
1100 1960 1286 2040 defenderet,
1308 1962 1490 2027 adveniente

421 2051 612 2133 imperatore,
647 2052 739 2115 frater
767 2068 957 2133 precurrens,
991 2054 1026 2113 ut
1055 2050 1189 2131 Egypcia
1215 2050 1338 2131 Joseph,
1372 2050 1489 2114 crirmn

421 2144 602 2221 retorquens
637 2140 668 2203 in
704 2158 784 2219 eam,
819 2140 890 2203 viro
917 2156 976 2203 suo
1005 2156 1073 2202 eam
1103 2138 1270 2217 accusavit;
1304 2140 1354 2203 cui
1385 2140 1490 2203 leviter

419 2228 557 2307 credens,
581 2246 648 2293 eam
671 2229 730 2293 sibi
754 2232 961 2293 accurrentem
978 2228 1093 2309 pugnis
1108 2232 1138 2291 et
1159 2227 1293 2309 pedibus
1314 2228 1488 2306 verberans,

421 2316 547 2382 duobus
570 2318 637 2397 ejus
659 2318 755 2382 servis
778 2336 844 2381 earn
867 2317 999 2394 tradidit,
1030 2320 1065 2379 ut
1085 2316 1197 2380 furtive
1224 2334 1291 2380 eam
1319 2316 1352 2380 in
1378 2316 1487 2380 silvam

367 2404 568 2470 subducerent
590 2411 619 2471 et
642 2406 858 2489 decapitarent:
882 2406 946 2485 ubi,
969 2406 1036 2485 eius
1057 2406 1156 2469 allecti
1179 2405 1393 2486 pulcritudine,
1416 2422 1487 2470 cum

421 2495 523 2575 primo
546 2513 613 2558 earn
636 2495 750 2559 vellent
764 2495 887 2573 violare,
911 2499 941 2559 et
962 2495 1014 2557 illa
1035 2512 1069 2558 se
1093 2513 1151 2576 pro
1171 2494 1289 2559 viribus
1311 2494 1489 2559 defenderet

420 2587 450 2647 ef
472 2584 558 2647 beate
581 2583 725 2664 Virginis,
748 2584 798 2647 cui
814 2584 926 2648 devote
946 2583 1098 2661 servierat,
1120 2583 1308 2663 adjutorium
1331 2584 1391 2647 alta
1412 2602 1488 2648 voce

418 2671 588 2752 advocaret,
612 2673 740 2754 quidam
757 2673 872 2737 nobilis
894 2673 1077 2754 peregrinus
1096 2673 1247 2736 transiens
1269 2677 1299 2736 et
1321 2672 1486 2736 clamorem

418 2760 549 2825 audiens
571 2762 708 2841 accurrit,
742 2766 779 2841 et,
810 2780 846 2826 ea
874 2762 1007 2839 liberam,
1041 2762 1153 2826 occidit
1178 2779 1293 2840 servos,
1324 2766 1354 2825 et
1382 2778 1487 2825 secum

365 2867 406 2914 aus
420 2849 548 2914 adduxit
570 2856 600 2915 et
621 2851 727 2916 uxoris
743 2851 873 2915 servicio
896 2869 963 2914 eam
987 2850 1180 2931 mancipavit,
1203 2854 1233 2913 et
1247 2868 1379 2931 puemm
1394 2868 1487 2914 suum

420 2940 618 3004 nutriendum
641 2940 772 3005 tradidit.
818 2940 923 3016 Quam
953 2958 1025 3003 curn
1056 2940 1176 3003 interim
1208 2939 1367 3020 impeteret
1396 2939 1489 3002 irater

419 3028 539 3092 domini
562 3030 610 3093 sui
634 3034 663 3093 et
685 3030 752 3111 ipsa
774 3046 838 3093 non
855 3029 1046 3106 consentiret,
1069 3028 1126 3092 sed
1141 3027 1267 3091 viriliter
1285 3046 1356 3092 cum
1373 3028 1487 3109 pugnis

419 3117 531 3182 cedens
554 3136 587 3182 se
609 3118 788 3182 defenderet
816 3122 846 3181 et
873 3117 1057 3197 sanguinem
1085 3118 1113 3180 ei
1140 3117 1258 3195 faceret,
1289 3116 1348 3194 ille,
1379 3116 1488 3180 volens

418 3206 478 3271 sibi
501 3207 613 3271 illatam
637 3207 780 3288 iniuriam
803 3207 967 3284 vindicare,
995 3224 1031 3269 ca
1053 3206 1234 3283 dormiente,
1264 3205 1364 3269 filiurn
1387 3206 1488 3269 fratris

364 3312 405 3358 uo
420 3296 569 3377 extinguit
589 3296 673 3376 juxta
695 3314 773 3360 eam.
809 3296 882 3359 ldeo
905 3295 1053 3359 dominus
1068 3295 1119 3358 ille
1142 3294 1242 3358 nautis
1264 3312 1332 3357 eam
1354 3293 1486 3372 tradidit,

419 3389 452 3447 ut
474 3403 541 3448 eam
565 3385 597 3448 in
629 3390 811 3466 perpetuum
842 3384 967 3447 exilium
995 3384 1150 3463 relegaret
1196 3383 1279 3447 Cum
1301 3388 1403 3447 autem
1427 3382 1486 3463 ipsi

418 3491 486 3537 eam
509 3474 622 3537 vellent
644 3474 820 3555 opprimere
835 3473 883 3537 vel
901 3473 932 3535 in
948 3473 1025 3536 mari
1041 3474 1250 3553 submergere,
1273 3472 1340 3553 ipsa
1355 3470 1486 3535 omnino

419 3579 482 3624 non
512 3562 736 3643 adquiescente,
777 3580 844 3625 eam
873 3562 905 3625 in
933 3562 1100 3641 quamdam
1132 3562 1263 3625 insulam
1294 3560 1485 3639 dimiscmnt,

418 3649 472 3713 ubi
495 3650 523 3713 ei
548 3650 579 3713 in
602 3655 668 3714 arto
692 3650 790 3732 posite
813 3651 900 3714 beata
919 3652 1016 3731 Virgo
1038 3651 1186 3731 apparuit
1209 3668 1277 3713 eam
1300 3649 1485 3727 confortans,

363 3754 404 3802 215
419 3743 449 3802 et
470 3738 576 3802 docuit
599 3756 665 3802 eam
689 3738 855 3819 quamdam
884 3740 1011 3803 herbam
1040 3756 1235 3819 cognoscere,
1266 3738 1355 3818 cuius
1376 3738 1485 3801 vimute

417 3828 605 3893 eurubantur
620 3827 810 3892 infirmitates
825 3828 990 3909 desperate,
1014 3832 1043 3891 et
1057 3828 1190 3891 maxime
1208 3845 1264 3908 per
1278 3827 1358 3891 hanc
1372 3826 1486 3907 leprosi

418 3917 613 3996 curubantur,
642 3921 762 3999 peccata
784 3935 840 3981 sua
863 3916 1051 3981 confitentes
1089 3916 1171 3981 Cum
1195 3916 1290 3996 aliqui
1312 3915 1352 3979 ad
1373 3915 1485 3979 famam

417 4010 498 4070 unte
520 4006 691 4071 curacionis
720 4007 867 4084 venirent,
898 4006 1047 4069 dominus
1068 4005 1144 4085 eius,
1174 4004 1333 4068 adducens
1362 4004 1484 4067 fratrem

417 4112 518 4174 suum,
546 4096 633 4159 illurn
657 4095 711 4176 qui
735 4114 801 4159 eam
825 4095 1002 4176 opprimere
1024 4094 1163 4158 voluerat
1184 4098 1214 4158 et
1237 4092 1382 4157 infantem
1405 4092 1486 4156 occi·

363 4200 404 4247 aaa
418 4183 511 4262 derat,
541 4182 654 4249 lactum
685 4184 853 4265 pessimum
885 4184 1052 4264 leprosum,
1082 4187 1113 4245 et
1142 4182 1263 4261 diceret,
1293 4198 1487 4263 cognoscens
