3584 4884
712 408 933 468 ..51-

285 599 377 643 suum
390 599 514 661 corpus,
531 586 565 645 ut
576 582 717 645 comedat
728 583 812 661 illud,
825 582 931 647 dicens
942 584 984 645 ei:
999 582 1050 647 Sic
1061 584 1142 663 volo,
1154 584 1283 647 domine
1294 603 1355 662 rex,

286 675 320 733 ut
331 688 381 733 me
393 670 539 733 comedas
552 675 580 732 et
591 689 654 733 uon
669 671 808 734 moriaris
819 672 909 735 tame
926 674 963 735 Et
969 672 1096 752 quando
1107 673 1152 735 sic
1161 672 1277 751 dixerit,
1289 690 1356 736 sur-

234 780 273 838 en
287 764 338 839 gat
348 760 424 822 alter
436 764 466 821 et
477 759 556 823 dicat
566 760 666 823 simile
677 761 805 823 verbum
817 764 846 823 et
855 761 958 824 salvus
968 761 1022 823 tiat
1032 762 1135 825 socius
1144 779 1233 839 suus;
1245 768 1274 825 et
1284 762 1356 825 faci·

286 852 371 911 entes
383 848 436 926 sic,
454 866 563 911 omnes
577 848 816 930 adimplebimus
828 850 972 929 placitum
988 850 1078 929 regis,
1094 851 1203 914 eteius
1218 868 1355 915 amorem

285 938 491 1018 acquiremus.
528 938 563 999 El
576 942 719 1001 vocantes
735 939 893 1015 camelum,
917 944 1126 1019 exposuerunt
1144 939 1247 1003 hocei
1263 956 1355 1003 suum

286 1026 462 1107 consilium,
486 1027 534 1089 cui
551 1026 675 1106 placuit;
699 1031 729 1090 et
742 1032 910 1107 surgentes,
933 1032 1084 1091 venemnt
1102 1028 1141 1090 ad
1158 1028 1289 1093 leonem.

377 1114 470 1196 Cepit
492 1115 593 1194 itaque
615 1133 727 1179 corvus
749 1116 835 1195 loqui
852 1135 955 1179 coram
971 1116 1061 1179 leone
1076 1117 1195 1180 dicens:
1220 1117 1356 1181 Domine

236 1224 273 1270 245
288 1222 349 1281 rex,
375 1204 436 1265 iam
459 1203 499 1265 ad
516 1208 645 1267 mortem
670 1205 841 1285 pervenisti,
865 1210 894 1267 et
917 1206 1048 1285 requiris
1071 1206 1282 1269 liberationem
1305 1210 1357 1270 tue

287 1310 435 1373 persone;
475 1310 532 1355 nos
564 1297 664 1355 autem
696 1293 782 1356 decet
814 1294 868 1357 tibi
904 1295 1022 1357 tradere
1056 1312 1204 1375 personas
1237 1300 1357 1359 nostras

287 1386 417 1461 propter
438 1381 679 1445 misericordiam
701 1400 793 1461 quam
818 1386 849 1445 lu
874 1382 967 1445 nobis
989 1383 1143 1446 contulisti
1167 1402 1205 1446 ex
1227 1383 1356 1464 antiquo

286 1476 437 1551 tempore.
460 1470 539 1532 Nam
556 1470 587 1532 in
604 1475 633 1533 te
648 1470 781 1534 viximus
796 1476 825 1533 et
840 1472 1032 1551 speravimus
1046 1472 1148 1535 vivere
1164 1490 1223 1536 nos
1238 1490 1355 1551 omnes,

286 1559 393 1639 etqui
418 1563 491 1621 sunt
513 1563 583 1639 post
605 1576 664 1623 nos
687 1560 855 1623 successuri
862 1581 869 1637 ;
894 1578 978 1623 nunc
1000 1560 1074 1624 volo
1089 1565 1123 1623 ut
1137 1561 1282 1625 comedas
1297 1580 1356 1625 me

237 1669 274 1715 uo
290 1650 325 1710 Et
348 1647 542 1727 respondens
566 1648 721 1729 lupus—ait
744 1648 799 1710 illi:
831 1648 901 1726 Sile,
924 1667 1024 1712 corve.
1069 1650 1142 1713 Non
1166 1651 1249 1712 enim
1273 1650 1356 1713 bona

287 1742 333 1799 est
356 1742 409 1799 tua
432 1755 511 1815 caro,
539 1742 568 1799 ct
590 1754 648 1799 uec
674 1738 737 1817 regi
767 1737 936 1818 proliceret,
966 1738 1039 1817 quia
1062 1738 1141 1801 mala
1163 1756 1234 1801 caro
1257 1738 1357 1801 reddit

287 1826 503 1905 egritudinem.
535 1824 617 1889 Caro
640 1844 714 1889 vero
731 1844 799 1888 mea
814 1826 897 1889 bona
920 1831 977 1904 est;
1002 1845 1085 1891 nunc
1098 1832 1200 1890 autem
1216 1828 1357 1891 comedat

286 1933 336 1977 me
368 1914 516 1977 dominus
543 1932 605 1977 rex.
652 1916 688 1976 Et
717 1915 910 1995 respondens
940 1933 1065 1994 corvus,
1094 1916 1136 1978 ait
1162 1917 1252 1996 lupo:
1282 1917 1355 1979 Non

286 2004 371 2066 enim
395 2007 440 2066 est
463 2021 533 2066 caro
555 2007 607 2066 tua
622 2004 719 2081 bona;
743 2004 933 2083 quicumque
948 2004 1030 2067 enim
1046 2005 1112 2067 vult
1126 2022 1160 2068 se
1178 2005 1355 2084 interlicere,

234 2112 274 2159 2⁵5
288 2092 432 2155 comedat
461 2092 500 2154 de
527 2110 617 2155 carne
644 2096 703 2171 tua,
734 2093 882 2172 quoniam
913 2111 987 2156 mox
1016 2094 1072 2157 erit
1098 2094 1274 2158 suffocatus
1320 2094 1357 2157 Et

288 2180 482 2261 respondens
504 2181 613 2261 vulpes
635 2181 689 2244 ait:
713 2180 853 2245 Comede
869 2199 928 2259 me,
951 2181 1078 2245 domine
1101 2201 1166 2258 rex;
1190 2183 1264 2262 quia
1284 2201 1356 2247 caro
1420 2209 1423 2221 ·

287 2289 356 2333 mea
378 2270 504 2333 saciabit
526 2275 563 2332 te.
603 2272 640 2332 Et
662 2271 855 2351 respondens
870 2270 963 2350 lupus
985 2271 1027 2333 ait
1048 2271 1090 2333 ei:
1113 2270 1183 2345 Sile.
1207 2272 1355 2351 quoniam

286 2378 358 2422 caro
382 2363 434 2421 tua
457 2358 579 2439 putrida
601 2363 654 2436 est,
678 2364 707 2421 et
729 2363 834 2423 venter
849 2364 922 2421 tuus
944 2360 1055 2439 plenus
1078 2365 1123 2423 est
1144 2359 1285 2423 sordicie.
1321 2362 1357 2423 Et

287 2449 432 2511 estimans
456 2448 590 2511 camelus
613 2448 714 2527 miser,
739 2448 825 2527 quod
841 2449 969 2527 quando
984 2448 1097 2511 diceret
1111 2449 1211 2512 simile
1225 2449 1355 2512 verbum

238 2555 275 2601 aso
289 2535 490 2617 responderet
512 2537 539 2599 ei
563 2536 709 2615 similiter,
733 2542 767 2599 ut
789 2555 859 2599 cum
876 2537 921 2600 eis
935 2537 1113 2615 salvaretur;
1136 2542 1166 2600 et
1187 2538 1305 2618 aperuit
1319 2556 1357 2602 os

286 2644 379 2689 suum
405 2626 436 2687 in
460 2625 508 2689 sui
532 2624 745 2709 preiudicium
769 2624 887 2689 dicens:
912 2625 1068 2689 Comedas
1086 2645 1136 2689 me
1152 2625 1279 2690 domine
1294 2646 1355 2705 rex,

286 2715 435 2796 quoniam
460 2714 577 2777 satiabo
599 2718 637 2791 te,
668 2718 697 2777 et
724 2718 830 2777 venter
857 2733 945 2778 meus
972 2715 1083 2795 plenus
1105 2720 1150 2777 est
1172 2715 1297 2793 deliciis,
1327 2720 1357 2779 et

286 2804 387 2867 habeo
411 2804 531 2866 bonum
555 2821 666 2883 sepum
690 2807 719 2867 et
741 2803 933 2883 sanguinem.
968 2803 1108 2867 Comede
1124 2822 1182 2882 me,
1205 2822 1289 2884 ergo,
1312 2805 1355 2867 mi

286 2894 415 2955 domine
439 2910 501 2954 rex.
540 2891 601 2955 Cui
626 2909 736 2955 omnes
759 2892 997 2972 respondemnt:
1021 2893 1104 2956 Bene
1119 2893 1240 2956 locutus
1262 2911 1303 2969 es,
1326 2898 1356 2957 et

237 2999 273 3045 us
288 2982 441 3045 curialiter
474 2981 578 3043 iecisti.
636 2980 700 3055 Qui
735 2999 845 3044 omnes
884 2981 1059 3061 congregati
1097 2981 1245 3045 adversus
1283 3000 1354 3044 eum

286 3070 513 3135 devoraverunt
537 3070 649 3149 ipsum,
676 3088 747 3133 cum
772 3070 878 3133 luisset
900 3071 961 3133 hoc
983 3071 1047 3149 regi
1071 3070 1159 3133 valde
1182 3070 1355 3134 molestum.

691 3221 718 3275 4.
756 3212 809 3291 [ε
834 3212 863 3275 s,
889 3212 953 3291 aa]

376 3335 446 3399 Fuit
469 3335 595 3415 quidam
612 3340 762 3399 mercator
785 3336 816 3398 in
840 3340 918 3398 terra
934 3336 1045 3414 Persic,
1069 3336 1211 3416 quicum
1232 3336 1356 3401 haberet

286 3444 415 3489 uxorem
434 3442 495 3504 que
511 3424 672 3487 adamabat
686 3424 790 3501 alium,
807 3424 905 3487 voluit
920 3425 1076 3488 certificari
1093 3425 1188 3487 dere.
1223 3425 1357 3489 Nutrivit

286 3518 387 3576 autem
405 3514 464 3576 sibi
482 3513 637 3593 quandam
657 3514 754 3593 picam
769 3532 861 3593 quam
878 3514 984 3577 docuit
999 3514 1093 3594 loqui,
1110 3518 1144 3575 ut
1158 3514 1356 3579 annunciaret

243 3619 280 3665 no
293 3602 352 3666 sibi
376 3621 412 3665 ea
436 3620 497 3681 que
511 3602 620 3665 fierent
635 3603 666 3664 in
683 3601 788 3666 domo.
828 3602 971 3676 Quadam
995 3621 1069 3666 vero
1091 3602 1142 3665 die
1165 3621 1236 3665 cum
1253 3604 1356 3667 ivisset

289 3692 335 3754 vir
357 3709 418 3771 pro
441 3691 525 3753 lactis
548 3691 620 3769 suis,
644 3691 726 3754 misit
749 3692 859 3755 mulier
882 3710 939 3772 pro
955 3710 1014 3755 suo
1036 3692 1161 3769 amasio,
1185 3696 1218 3753 ut
1240 3693 1356 3756 veniret

287 3780 323 3842 ad
348 3798 428 3843 eam.
477 3778 636 3853 Quicum
665 3780 804 3858 venisset,
834 3781 913 3843 stetit
940 3800 1009 3843 cum
1038 3781 1167 3843 muliere
1194 3780 1298 3845 iocans
1326 3787 1356 3845 et

287 3869 400 3931 ludens
424 3887 494 3931 cum
519 3888 561 3947 ea,
592 3874 622 3931 et
644 3868 773 3932 recessit.
820 3868 902 3931 Cum
926 3870 974 3932 vir
997 3869 1085 3932 rediit
1108 3874 1137 3931 et
1159 3869 1356 3949 interrogavit

287 3958 399 4038 picam,
431 3960 461 4019 et
490 3956 541 4019 illa
570 3957 712 4039 exposuit
741 3958 784 4019 illi
816 3962 914 4021 totum
944 3958 1021 4020 illud
1052 3958 1138 4037 quod
1170 3958 1287 4021 viderat
1315 3958 1355 4021 de

239 4061 276 4108 us
288 4048 405 4109 amasio
422 4046 567 4109 mulieris.
602 4048 636 4109 Et
651 4045 780 4109 audiens
796 4046 852 4109 hec
867 4047 922 4124 vir,
938 4064 1025 4109 suam
1042 4046 1212 4110 verberavit
1226 4064 1353 4109 uxorem

289 4136 415 4199 fortiter.
455 4136 569 4198 Mulier
591 4152 665 4197 vero
688 4134 816 4199 credens
838 4152 871 4198 se
894 4153 961 4197 esse
984 4139 1152 4197 accusatam
1175 4135 1215 4197 ab
1237 4134 1355 4196 ancillis

1196 4253 1230 4302 4.
