3584 4884
829 432 1052 488 ..gg-

408 603 519 664 mulier
541 602 623 665 iuxta
646 620 705 665 uos
729 602 854 679 recedat,
880 620 918 665 ne
941 602 982 666 ab
1006 602 1186 666 hominibus
1208 603 1359 664 videatur!
1402 602 1475 671 Res-

408 691 517 772 pondit
551 709 616 754 rex:
658 691 776 756 „Amen
812 691 882 754 dico
917 691 985 765 tibi,
1024 692 1090 771 ipsa
1124 691 1217 752 michi
1251 691 1331 754 bene
1365 692 1473 771 placet;

352 797 394 843 aro
409 779 550 843 nondum
575 780 720 842 recedet¹¹
770 780 967 843 senescalcus
990 781 1051 842 hoc
1080 779 1209 842 audiens
1231 780 1321 842 tristis
1345 781 1475 843 recessit

407 869 466 931 Vix
489 886 544 948 per
569 869 688 948 aliquot
716 873 837 949 tempus
866 870 1064 948 exspectabat,
1096 868 1223 948 quando
1251 867 1339 931 rediit
1365 873 1395 930 et
1421 870 1473 931 ait:

411 957 567 1021 „Domine
583 957 634 1034 mi,
658 975 768 1020 aurora
791 961 844 1020 est.
883 957 941 1020 Dei
957 975 1063 1020 amore
1078 976 1145 1019 eam
1163 957 1339 1037 permittatis
1354 958 1471 1020 exire!a

409 1047 444 1107 Et
467 1045 529 1108 ille:
561 1045 707 1110 „Certum
731 1046 884 1126 estquod
915 1046 1018 1109 adhuc
1048 1064 1112 1109 non
1144 1047 1245 1109 exibit
1291 1047 1473 1108 Adiectum

406 1139 494 1196 tuum
519 1152 611 1214 perge
635 1139 664 1197 et
687 1135 820 1198 hostium
845 1139 966 1214 postte
988 1135 1130 1197 claude!u
1168 1135 1364 1198 senescalcus
1383 1136 1475 1198 tristis

353 1240 394 1286 au
408 1223 497 1285 valde
520 1224 649 1288 recessit.
697 1223 778 1286 llinc
801 1224 873 1286 inde
896 1224 1073 1300 ambulauit
1102 1241 1267 1304 quousque
1289 1224 1371 1286 diem
1395 1225 1475 1286 clare

407 1311 491 1374 vidit.
540 1311 643 1376 Statim
667 1330 817 1375 cameram
849 1313 973 1374 intrauit
999 1317 1028 1375 et
1054 1313 1106 1375 ait:
1145 1313 1301 1392 „Domine
1326 1314 1376 1390 mi,
1408 1312 1476 1375 dies

408 1405 452 1463 est
475 1402 561 1464 clara.
598 1401 710 1463 Mulier
733 1402 788 1464 erit
810 1401 947 1477 contusa,
970 1402 996 1464 si
1019 1401 1165 1463 videatur.
1203 1401 1384 1464 Permittatis
1406 1420 1474 1464 eam

408 1490 523 1552 exire!¹‘
572 1490 610 1552 At
633 1490 695 1552 ille:
723 1489 833 1554 „Certe
856 1490 998 1553 nondum
1022 1490 1123 1567 exibit,
1147 1491 1220 1569 quia
1242 1490 1358 1570 optime
1381 1491 1474 1554 michi

408 1578 504 1658 placet
538 1579 577 1641 de
611 1579 752 1642 societate
785 1594 868 1641 snau
925 1578 1121 1660 Senescalcus
1157 1580 1213 1642 hec
1246 1579 1375 1641 audiens
1410 1597 1474 1641 non

353 1685 394 1731 mo
409 1671 525 1746 poterat
547 1685 580 1730 se
602 1668 726 1730 vlterius
749 1668 917 1745 continere;
940 1668 992 1729 ait:
1020 1667 1070 1732 „0
1087 1669 1170 1730 bone
1192 1668 1327 1743 domine,
1351 1669 1475 1747 permit-

407 1756 474 1819 tatis
497 1775 563 1818 eam
587 1757 676 1834 exire,
701 1756 773 1836 quia
795 1775 873 1820 vxor
895 1775 963 1818 mea
986 1758 1064 1819 esur
1104 1757 1168 1825 Rex
1191 1757 1248 1819 hec
1270 1757 1399 1819 audiens
1421 1757 1475 1819 ait:

411 1846 523 1926 „Aperi
554 1845 726 1923 fenestram,
758 1849 789 1907 vt
816 1845 946 1923 videam,
977 1846 1003 1907 si
1034 1863 1142 1908 verum
1173 1850 1218 1908 est
1244 1845 1330 1924 quod
1360 1844 1472 1907 dicis!“

409 1935 460 1996 llle
483 1953 556 1998 vero
579 1935 741 1997 fenestram
764 1935 883 2014 aperuit
906 1938 935 1996 et
950 1935 1029 1996 clara
1044 1934 1110 1996 dies
1125 1935 1298 2014 apparebat.
1333 1933 1477 2014 Respexit

408 2041 460 2084 rex
491 2041 584 2102 super
614 2024 774 2085 mulierem
804 2023 976 2102 vidensque
1006 2023 1093 2103 quod
1125 2041 1202 2085 vxor
1231 2023 1393 2085 senescalci
1425 2023 1474 2085 sui

353 2128 394 2175 sao
409 2116 494 2187 esset,
506 2112 557 2173 ait:
574 2111 624 2176 „0
637 2113 776 2192 pessime,
790 2130 884 2190 quare
897 2116 1022 2191 propter
1033 2130 1159 2191 paruam
1173 2112 1350 2191 peccuniam
1367 2112 1475 2174 contn-

407 2200 477 2261 disti
512 2218 637 2262 vxorem
669 2205 765 2277 tuam,
801 2200 887 2280 quod
923 2219 973 2263 me
1007 2201 1167 2279 ignorante
1201 2219 1268 2262 eam
1302 2201 1475 2262 tradidisti?

410 2289 504 2350 Exeas
527 2289 586 2350 cito
609 2289 648 2350 de
672 2307 769 2368 regno
794 2307 872 2367 meo,
897 2290 977 2368 quia,
1001 2290 1026 2351 si
1051 2290 1127 2350 vltra
1142 2290 1224 2351 diem
1246 2290 1337 2352 istum
1354 2308 1474 2351 moram

407 2377 521 2453 leceris,
547 2381 644 2439 morte
666 2378 843 2457 turpissima
866 2378 926 2440 eris
948 2378 1227 2458 condempnatus!u
1276 2377 1475 2441 senescalcus

407 2482 481 2527 vero
516 2465 576 2528 hoc
608 2465 737 2528 audiens
771 2467 849 2545 fugit
879 2486 937 2529 nec
971 2467 1048 2529 ultra
1083 2467 1266 2546 comparuit;
1306 2485 1358 2528 rex
1390 2485 1474 2544 vero,

353 2572 394 2618 sao
409 2553 557 2634 quamdiu
588 2555 669 2632 vixit,
700 2572 826 2616 vxorem
859 2556 926 2618 eius
957 2557 987 2616 in
1020 2557 1140 2618 honore
1167 2561 1196 2617 et
1226 2556 1342 2634 gaudio
1369 2573 1474 2618 secum

407 2643 510 2704 tenuit.
543 2679 569 2686 -
603 2643 676 2705 Post
698 2644 891 2706 amocionem
920 2645 1082 2707 senescalci
1111 2645 1276 2707 exercitum
1301 2644 1424 2723 collegit
1447 2649 1477 2706 et

409 2731 538 2800 Romam
577 2731 699 2794 obsedit
740 2737 801 2794 tarn
845 2732 915 2810 diu,
961 2751 1126 2812 quousque
1170 2733 1300 2801 Romani
1343 2751 1475 2814 corpora

408 2824 582 2884 sanctorum
608 2821 687 2883 Petri
719 2826 747 2883 et
776 2821 861 2883 Pauli
892 2821 1037 2883 volebant
1064 2823 1091 2884 ei
1122 2822 1203 2899 dare,
1235 2826 1269 2884 ut
1298 2821 1474 2884 discederet

410 2911 501 2972 Erant
523 2914 596 2972 tunc
619 2911 649 2971 in
673 2911 791 2972 ciuitate
808 2911 878 2973 .Vll.
902 2911 1061 2989 sapientes,
1084 2911 1163 2973 sicut
1185 2911 1245 2972 iam
1270 2929 1328 2973 uos
1349 2911 1474 2988 habetis,

353 3016 395 3064 aon
409 3000 449 3062 de
483 3017 618 3078 quorum
649 2999 779 3062 concilio
810 3003 872 3062 tota
902 2999 1009 3062 ciuitas
1038 3003 1101 3061 erat
1130 3000 1272 3078 regulata.
1318 3000 1477 3062 Venerunt

408 3089 491 3150 ciues
518 3088 556 3150 ad
585 3089 735 3168 sapientes
763 3092 792 3151 et
819 3087 974 3149 dixemnt:
1008 3087 1114 3161 „Quid
1143 3088 1311 3150 iaciemus?
1357 3087 1475 3151 Ciuitas

409 3183 453 3239 est
476 3177 506 3238 in
531 3178 667 3256 periculo
692 3176 854 3258 perdendi;
877 3177 925 3238 vel
949 3181 1070 3255 oportet
1092 3177 1136 3238 eis
1159 3177 1310 3239 ciuitatem
1334 3176 1400 3238 dari
1423 3182 1476 3238 aut

408 3283 538 3345 corpora
572 3270 775 3328 sanctorumt
831 3266 881 3326 nit
911 3265 1041 3345 primus:
1080 3266 1166 3344 „Ego
1197 3265 1381 3345 manucapio
1411 3283 1474 3328 vno

408 3354 459 3415 die
482 3354 632 3416 ciuitatem
649 3359 678 3416 et
693 3373 823 3434 corpora
847 3355 907 3434 (BL
926 3354 1035 3433 162ν.)
1056 3355 1204 3421 saluace.“
1237 3354 1287 3416 Ait
1306 3353 1474 3416 secundus:

354 3460 394 3505 mo
413 3443 469 3506 „Et
491 3460 550 3521 ego
578 3443 715 3505 secundo
743 3443 793 3506 die
824 3444 1007 3522 manucapio
1030 3444 1175 3506 saluare.u
1226 3443 1262 3504 Et
1290 3443 1335 3504 sic
1365 3461 1475 3506 omnes

409 3548 463 3609 per
478 3531 619 3592 ordinem
636 3530 785 3608 dixerunt,
802 3532 879 3594 sicut
894 3532 1030 3611 magistri
1045 3533 1088 3594 tui
1105 3532 1172 3594 tilio
1186 3536 1241 3594 tuo
1257 3532 1473 3612 promiserunt

326 3638 329 3643 ·
409 3618 473 3686 Rex
506 3636 580 3680 vero
613 3619 724 3698 incepit
757 3621 868 3682 ciuitati
902 3621 974 3682 dare
992 3621 1144 3683 dnsultns.
1199 3620 1321 3682 Primus
1352 3620 1475 3700 sapiens

409 3707 521 3786 incepit
542 3707 672 3786 allegare
701 3725 758 3786 pro
782 3726 862 3787 pace,
890 3709 973 3771 vnde
996 3709 1036 3771 ita
1064 3709 1230 3788 prudenter
1253 3709 1365 3788 incepit
1388 3709 1473 3788 loqui

409 3794 495 3874 quod
512 3813 564 3857 rex
580 3796 749 3873 desistebat,
774 3800 803 3857 et
825 3797 964 3875 quolibet
986 3797 1038 3859 die
1051 3815 1132 3860 vnus
1155 3802 1226 3877 post
1247 3798 1349 3875 alium,
1374 3797 1475 3860 donec

354 3883 448 3948 suad
479 3884 620 3946 ultimum
652 3885 741 3946 venit.
788 3885 945 3946 Venerunt
974 3886 1057 3948 ciues
1087 3887 1126 3948 ad
1156 3905 1227 3948 eum
1259 3890 1289 3948 et
1318 3886 1473 3948 dixerunt:

412 3973 462 4039 »Ο
487 3973 569 4036 bone
593 3974 742 4053 magister,
774 3992 826 4035 rex
849 3973 961 4035 iurauit
987 3974 1073 4052 quod
1097 3974 1148 4036 die
1171 3975 1299 4037 crastina
1321 3975 1473 4037 ciuitatem

409 4063 539 4140 habebit,
567 4063 615 4125 vel
644 4080 753 4125 omnes
777 4061 953 4124 moriemur.
999 4062 1090 4124 Salua
1117 4081 1183 4139 nos,
1214 4064 1292 4124 sicut
1315 4063 1374 4125 iam
1398 4064 1473 4126 socii

409 4151 452 4214 tui
476 4151 646 4214 lecerunt!u
682 4151 722 4212 At
745 4151 806 4212 ille:
834 4149 957 4215 „Nolite
979 4150 1099 4210 timere!
1140 4150 1280 4211 Crastina
1303 4151 1353 4213 die
1376 4169 1471 4214 vnum
